3188 4944
221 1189 426 1384 &gamans
447 1277 619 1342 Dneretiani
639 1278 762 1339 indolem
784 1277 915 1354 quisquis
936 1278 1079 1352 coqnitam
1100 1278 1192 1349 trahet,
1216 1277 1351 1338 concedat

287 1423 401 1468 enecasse
422 1406 474 1472 est,
491 1399 623 1476 piurima
643 1398 678 1462 iu
699 1417 730 1458 eo
753 1416 814 1458 esse
836 1397 1021 1473 antiquitatis
1053 1398 1182 1472 vestiqia.
1241 1397 1348 1474 Quam-

221 1523 322 1587 obrem
354 1525 406 1600 qui
437 1523 468 1583 in
501 1539 564 1581 enm
585 1520 637 1596 qui
657 1523 701 1580 est
719 1518 840 1594 proprie
860 1518 992 1578 Iaceretii
1011 1517 1134 1576 comrmn
1154 1516 1349 1591 indaqandum

222 1643 413 1714 incubuerint,
436 1659 492 1701 non
508 1645 581 1716 puto
604 1658 651 1700 eos
661 1639 762 1700 inutile
776 1644 862 1715 atque
871 1639 1084 1712 infructuosum
1095 1638 1255 1713 suscepisse
1266 1655 1347 1713 opus.

223 1764 324 1841 Neque
356 1762 509 1836 defuerunt
528 1760 580 1837 qui
599 1759 664 1819 tunic
679 1763 784 1834 poetae
806 1757 982 1818 mandando
1005 1760 1092 1834 atque
1113 1758 1221 1833 tepibus
1242 1775 1349 1817 senmo-

136 1897 139 1904 '
221 1884 269 1944 nis
302 1883 363 1943 eius
393 1880 600 1956 investiqandis
631 1869 797 1940 unanimam
824 1896 942 1953 operam
968 1882 1120 1938 nauarent.
1166 1877 1298 1954 Namque
1318 1882 1351 1937 ut

222 2004 355 2065 omittam
380 2000 548 2065 Curatum
570 2001 832 2062 Lachmannnm
854 1999 982 2074 aliosque
1003 1998 1176 2069 editores,
1207 1999 1350 2075 aquibus

119 2155 125 2161 ·
222 2124 303 2184 tranei
319 2140 419 2199 pauca
440 2123 564 2192 incentu,
587 2121 720 2197 quumvis
740 2137 797 2180 non
819 2136 931 2194 suuper
951 2118 1065 2178 ratione
1086 2123 1113 2178 et
1133 2119 1183 2178 uia
1204 2118 1234 2178 in
1262 2119 1350 2179 lucem

218 2241 342 2316 protata
363 2246 438 2311 sunt,
461 2240 568 2299 mattae
589 2239 623 2299 ete
643 2237 739 2299 uariis
760 2239 844 2298 iuius
866 2238 1006 2298 sermonis
1030 2239 1115 2297 rebus
1134 2243 1251 2298 exstant
1266 2257 1350 2315 quae·

226 2361 393 2423 stinneutae.
423 2359 522 2435 Neque
543 2364 636 2419 tamen
657 2359 806 2435 quibusvis
826 2360 872 2419 oet
892 2359 1012 2420 mmmis
1034 2358 1139 2418 studiis
1161 2359 1272 2432 factum
1298 2364 1349 2430 est,

223 2485 259 2541 ut
289 2481 334 2540 tric
366 2481 435 2554 fons
466 2479 650 2556 antiquitatis
682 2478 835 2542 Romanae
867 2479 1086 2552 eutauriretnr;
1107 2479 1267 2539 etiamnunc
1288 2497 1351 2539 eum

224 2601 326 2673 fructu
346 2605 505 2660 revertetur
526 2601 693 2677 quicumque
715 2601 754 2661 aot
776 2619 839 2661 eum
861 2619 892 2661 se
913 2601 1071 2661 contulerit.
1103 2600 1152 2660 Aoi
1173 2600 1245 2659 tnnc
1262 2599 1352 2674 iqitur

228 2719 400 2795 scm-piorem
422 2719 549 2779 animum
575 2738 638 2780 cnm
660 2721 860 2793 advertissem,
878 2721 1112 2796 praepositiones
1134 2739 1184 2794 eqo
1207 2721 1264 2781 tiro
1281 2739 1351 2796 per·

228 2844 357 2900 tractare
388 2839 531 2901 constitui.
586 2839 636 2898 Ad
668 2839 744 2915 quaet
759 2841 936 2916 prinsquam
966 2840 1149 2914 adqrederer,
1173 2859 1262 2915 opera
1283 2839 1352 2900 mutu

221 2960 438 3040 perlustranda
460 2963 544 3020 mant
565 2958 688 3020 duorum
705 2961 892 3036 potissimum
912 2959 1047 3024 uirorum
1060 2959 1218 3031 doctorum,
1231 2978 1352 3036 quorum

225 3079 302 3139 atter
333 3079 376 3139 H.
398 3079 529 3140 Keiter
562 3082 599 3142 de
621 3082 787 3143 verborum
809 3099 877 3142 cum
898 3080 1182 3160 praepositionibus
1204 3081 1352 3160 composi·

226 3201 330 3260 tomm
361 3202 443 3278 apud
465 3200 641 3262 Lucretium
662 3219 719 3262 usu
739 3200 878 3260 disseruit
898 3219 986 3276 neque
1016 3205 1110 3260 tamen
1130 3200 1223 3263 nitrum
1246 3201 1280 3261 de
1299 3220 1351 3261 na-

226 3321 295 3376 tura
317 3319 465 3379 sermonis
477 3319 648 3381 Lnnretiani
666 3318 698 3381 in
720 3324 868 3412 structura
890 3320 1045 3380 emiorum
1066 3321 1246 3397 sinputornm
1268 3320 1352 3381 obuia

223 3437 383 3513 propriam
409 3442 536 3514 protulit
567 3442 736 3503 seutmtinm
770 3446 797 3500 et
828 3442 923 3502 unciis
950 3445 1061 3502 tantum
1082 3440 1245 3514 verborum,
1267 3460 1356 3518 neque

226 3556 362 3628 omnium,
388 3559 543 3619 structuris
563 3562 655 3622 ieiune
687 3562 862 3622 enumeratis
890 3561 925 3620 de
957 3562 1024 3636 ipsa
1048 3562 1180 3622 Luceretii
1208 3562 1284 3622 rati
1291 3581 1354 3622 one

224 3659 339 3751 sinquia
370 3677 459 3738 cerba
487 3681 673 3754 componendi
691 3699 787 3756 pauca
809 3685 921 3742 tantum
943 3681 1078 3753 absolvit,
1103 3665 1223 3757 reliquit
1244 3682 1352 3758 mutta;

226 3797 303 3857 atter
324 3797 362 3858 G.
385 3798 532 3871 Hottze,
556 3800 585 3860 in
620 3801 765 3876 opusculo,
790 3802 866 3877 quod
899 3803 1045 3880 syntaxis
1079 3802 1283 3864 Lucretiam
1315 3803 1353 3863 li·

228 3922 395 3980 neamenta
427 3919 606 3998 inscribitur,
646 3937 709 3980 cum
741 3939 829 3984 usum
862 3922 1128 4001 praepositionum
1160 3926 1233 3984 ante
1265 3940 1353 3984 amus

225 4038 444 4101 Lucretianum
466 4038 567 4099 leniter
590 4043 702 4100 tantum
719 4041 939 4115 perstrinocerit,
962 4061 997 4101 ne
1018 4040 1092 4101 tanc
1120 4040 1234 4117 quidesse
1266 4059 1353 4117 qnae·

226 4153 346 4214 stionem
370 4159 453 4219 omni
483 4177 520 4219 en
538 4165 627 4236 parte
654 4160 788 4235 perfecit.
835 4157 962 4222 Restant
983 4161 1074 4235 ipitur
1096 4161 1223 4221 manime
1243 4161 1274 4221 in
1308 4161 1353 4220 di-

224 4272 349 4348 perenoio
390 4279 513 4340 materia
558 4280 827 4358 discriminibusque
866 4281 1106 4357 siqnificationnm
1147 4282 1352 4356 investipamtis
