<?xml version="1.0" encoding="UTF-8"?>
<!DOCTYPE html PUBLIC "-//W3C//DTD XHTML 1.0 Transitional//EN"
    "http://www.w3.org/TR/xhtml1/DTD/xhtml1-transitional.dtd">
<html xmlns="http://www.w3.org/1999/xhtml" xml:lang="en" lang="en">
 <head>
  <title>
</title>
<meta http-equiv="Content-Type" content="text/html;charset=utf-8" />
  <meta name='ocr-system' content='tesseract 3.04.00' />
  <meta name='ocr-capabilities' content='ocr_page ocr_carea ocr_par ocr_line ocrx_word'/>
</head>
<body>
  <div class='ocr_page' id='page_1' title='image "./depraecipuarump00hertgoog_0034.png"; bbox 0 0 3188 4944; ppageno 0'>
   <div class='ocr_carea' id='block_1_1' title="bbox 1257 327 1297 392">
    <p class='ocr_par' dir='ltr' id='par_1_1' title="bbox 1257 327 1297 392">
     <span class='ocr_line' id='line_1_1' title="bbox 1257 327 1297 392; baseline 0.05 -2"><span class='ocrx_word' id='word_1_1' title='bbox 1257 327 1297 392; x_wconf 89' lang='lat'><strong>19</strong></span> 
     </span>
    </p>
   </div>
   <div class='ocr_carea' id='block_1_2' title="bbox 204 512 1343 810">
    <p class='ocr_par' dir='ltr' id='par_1_2' title="bbox 204 512 1343 810">
     <span class='ocr_line' id='line_1_2' title="bbox 204 512 1343 602; baseline -0.004 -20"><span class='ocrx_word' id='word_1_2' title='bbox 204 525 263 582; x_wconf 88' lang='lat' dir='ltr'><strong>tur</strong></span> <span class='ocrx_word' id='word_1_3' title='bbox 298 540 341 582; x_wconf 86' lang='lat' dir='ltr'><strong>ex</strong></span> <span class='ocrx_word' id='word_1_4' title='bbox 373 516 492 582; x_wconf 90' lang='lat' dir='ltr'><strong>verbis</strong></span> <span class='ocrx_word' id='word_1_5' title='bbox 523 537 602 581; x_wconf 90' lang='lat' dir='ltr'><strong>cum</strong></span> <span class='ocrx_word' id='word_1_6' title='bbox 635 521 801 602; x_wconf 88' lang='lat' dir='ltr'><strong>appareat</strong></span> <span class='ocrx_word' id='word_1_7' title='bbox 834 535 907 579; x_wconf 89' lang='lat' dir='ltr'><strong>non</strong></span> <span class='ocrx_word' id='word_1_8' title='bbox 939 512 1031 579; x_wconf 88' lang='lat' dir='ltr'><strong>idem</strong></span> <span class='ocrx_word' id='word_1_9' title='bbox 1062 534 1137 578; x_wconf 89' lang='lat' dir='ltr'><strong>esse</strong></span> <span class='ocrx_word' id='word_1_10' title='bbox 1172 512 1343 596; x_wconf 69' lang='lat' dir='ltr'><strong>principie</strong></span> 
     </span>
     <span class='ocr_line' id='line_1_3' title="bbox 207 614 1343 706; baseline -0.005 -20"><span class='ocrx_word' id='word_1_11' title='bbox 207 627 312 706; x_wconf 89' lang='lat' dir='ltr'><strong>atque</strong></span> <span class='ocrx_word' id='word_1_12' title='bbox 336 640 470 704; x_wconf 82' lang='lat' dir='ltr'><strong>corpore</strong></span> <span class='ocrx_word' id='word_1_13' title='bbox 495 623 533 686; x_wconf 78' lang='lat' dir='ltr'><strong>ic</strong></span> <span class='ocrx_word' id='word_1_14' title='bbox 555 619 618 685; x_wconf 81' lang='lat' dir='ltr'><strong>sele</strong></span> <span class='ocrx_word' id='word_1_15' title='bbox 640 617 810 704; x_wconf 65' lang='lat' dir='ltr'><strong>sapentia,</strong></span> <span class='ocrx_word' id='word_1_16' title='bbox 834 637 906 681; x_wconf 86' lang='lat' dir='ltr'><strong>non</strong></span> <span class='ocrx_word' id='word_1_17' title='bbox 927 619 1044 704; x_wconf 89' lang='lat' dir='ltr'><strong>potest</strong></span> <span class='ocrx_word' id='word_1_18' title='bbox 1066 615 1106 682; x_wconf 80' lang='lat' dir='ltr'><strong>ub</strong></span> <span class='ocrx_word' id='word_1_19' title='bbox 1129 614 1260 700; x_wconf 73' lang='lat' dir='ltr'><strong>iynibus</strong></span> <span class='ocrx_word' id='word_1_20' title='bbox 1280 635 1343 702; x_wconf 90' lang='lat' dir='ltr'><strong>pro</strong></span> 
     </span>
     <span class='ocr_line' id='line_1_4' title="bbox 205 723 565 810; baseline -0.006 -22"><span class='ocrx_word' id='word_1_21' title='bbox 205 723 336 810; x_wconf 66' lang='lat' dir='ltr'><strong>equium</strong></span> <span class='ocrx_word' id='word_1_22' title='bbox 358 723 483 809; x_wconf 89' lang='lat' dir='ltr'><strong>accipi.</strong></span> <span class='ocrx_word' id='word_1_23' title='bbox 563 726 565 730; x_wconf 83' lang='lat'>&#39;</span> 
     </span>
    </p>
   </div>
   <div class='ocr_carea' id='block_1_3' title="bbox 405 959 1150 1059">
    <p class='ocr_par' dir='ltr' id='par_1_3' title="bbox 405 959 1150 1059">
     <span class='ocr_line' id='line_1_5' title="bbox 405 959 1150 1059; baseline -0.008 -13"><span class='ocrx_word' id='word_1_24' title='bbox 405 963 470 1046; x_wconf 90' lang='lat' dir='ltr'><strong>1v.</strong></span> <span class='ocrx_word' id='word_1_25' title='bbox 525 961 634 1059; x_wconf 85' lang='lat' dir='ltr'><strong>„Ab“</strong></span> <span class='ocrx_word' id='word_1_26' title='bbox 662 961 713 1042; x_wconf 90' lang='lat' dir='ltr'><strong>de</strong></span> <span class='ocrx_word' id='word_1_27' title='bbox 741 980 874 1042; x_wconf 89' lang='lat' dir='ltr'><strong>causa</strong></span> <span class='ocrx_word' id='word_1_28' title='bbox 901 959 1150 1042; x_wconf 86' lang='lat' dir='ltr'><strong>adhibitum.</strong></span> 
     </span>
    </p>
   </div>
   <div class='ocr_carea' id='block_1_4' title="bbox 209 1145 1347 3001">
    <p class='ocr_par' dir='ltr' id='par_1_4' title="bbox 209 1145 1347 2772">
     <span class='ocr_line' id='line_1_6' title="bbox 310 1145 1342 1253; baseline -0.003 -19"><span class='ocrx_word' id='word_1_29' title='bbox 310 1145 513 1234; x_wconf 85' lang='lat' dir='ltr'><strong>Lucretium</strong></span> <span class='ocrx_word' id='word_1_30' title='bbox 537 1187 746 1253; x_wconf 84' lang='lat' dir='ltr'><strong>quamquem</strong></span> <span class='ocrx_word' id='word_1_31' title='bbox 768 1164 1032 1230; x_wconf 89' lang='lat' dir='ltr'><strong>in·universum</strong></span> <span class='ocrx_word' id='word_1_32' title='bbox 1047 1164 1342 1232; x_wconf 89' lang='lat' dir='ltr'><strong>studiosissimum</strong></span> 
     </span>
     <span class='ocr_line' id='line_1_7' title="bbox 209 1258 1342 1357; baseline -0.004 -20"><span class='ocrx_word' id='word_1_33' title='bbox 209 1271 344 1357; x_wconf 75' lang='lat' dir='ltr'>antiqui</span> <span class='ocrx_word' id='word_1_34' title='bbox 368 1258 538 1337; x_wconf 86' lang='lat' dir='ltr'><strong>sermonis</strong></span> <span class='ocrx_word' id='word_1_35' title='bbox 561 1268 671 1333; x_wconf 87' lang='lat' dir='ltr'><strong>fuisse</strong></span> <span class='ocrx_word' id='word_1_36' title='bbox 688 1272 792 1351; x_wconf 90' lang='lat' dir='ltr'><strong>atque</strong></span> <span class='ocrx_word' id='word_1_37' title='bbox 808 1265 895 1331; x_wconf 89' lang='lat' dir='ltr'><strong>adeo</strong></span> <span class='ocrx_word' id='word_1_38' title='bbox 912 1266 1034 1345; x_wconf 80' lang='lat' dir='ltr'><strong>„anxie</strong></span> <span class='ocrx_word' id='word_1_39' title='bbox 1048 1267 1245 1353; x_wconf 91' lang='lat' dir='ltr'><strong>priscorum</strong></span> <span class='ocrx_word' id='word_1_40' title='bbox 1260 1289 1342 1354; x_wconf 90' lang='lat' dir='ltr'><strong>poe·</strong></span> 
     </span>
     <span class='ocr_line' id='line_1_8' title="bbox 209 1366 1343 1460; baseline -0.003 -21"><span class='ocrx_word' id='word_1_41' title='bbox 209 1384 322 1439; x_wconf 91' lang='lat' dir='ltr'><strong>tarum</strong></span> <span class='ocrx_word' id='word_1_42' title='bbox 344 1374 496 1460; x_wconf 87' lang='lat' dir='ltr'><strong>vestigia</strong></span> <span class='ocrx_word' id='word_1_43' title='bbox 518 1370 707 1459; x_wconf 89' lang='lat' dir='ltr'><strong>pressisse“</strong></span> <span class='ocrx_word' id='word_1_44' title='bbox 719 1373 745 1454; x_wconf 83' lang='lat'><strong>1)</strong></span> <span class='ocrx_word' id='word_1_45' title='bbox 768 1374 916 1453; x_wconf 88' lang='lat' dir='ltr'><strong>constat,</strong></span> <span class='ocrx_word' id='word_1_46' title='bbox 931 1369 1110 1436; x_wconf 83' lang='lat' dir='ltr'>nonnullis</span> <span class='ocrx_word' id='word_1_47' title='bbox 1124 1366 1242 1436; x_wconf 78' lang='lat' dir='ltr'><strong>tamen</strong></span> <span class='ocrx_word' id='word_1_48' title='bbox 1256 1370 1343 1437; x_wconf 89' lang='lat' dir='ltr'><strong>lccis</strong></span> 
     </span>
     <span class='ocr_line' id='line_1_9' title="bbox 210 1471 1341 1563; baseline -0.004 -21"><span class='ocrx_word' id='word_1_49' title='bbox 210 1478 254 1542; x_wconf 88' lang='lat' dir='ltr'><strong>iis</strong></span> <span class='ocrx_word' id='word_1_50' title='bbox 277 1475 447 1563; x_wconf 72' lang='lat' dir='ltr'>neglectis</span> <span class='ocrx_word' id='word_1_51' title='bbox 470 1473 515 1541; x_wconf 86' lang='lat' dir='ltr'><strong>ad</strong></span> <span class='ocrx_word' id='word_1_52' title='bbox 537 1494 639 1539; x_wconf 92' lang='lat' dir='ltr'><strong>usum</strong></span> <span class='ocrx_word' id='word_1_53' title='bbox 662 1471 859 1557; x_wconf 78' lang='lat' dir='ltr'><strong>aequalium</strong></span> <span class='ocrx_word' id='word_1_54' title='bbox 882 1493 1022 1537; x_wconf 90' lang='lat' dir='ltr'><strong>suorum</strong></span> <span class='ocrx_word' id='word_1_55' title='bbox 1042 1474 1198 1541; x_wconf 89' lang='lat' dir='ltr'><strong>accessit.</strong></span> <span class='ocrx_word' id='word_1_56' title='bbox 1222 1473 1341 1559; x_wconf 86' lang='lat' dir='ltr'><strong>Atque</strong></span> 
     </span>
     <span class='ocr_line' id='line_1_10' title="bbox 210 1575 1344 1666; baseline -0.004 -20"><span class='ocrx_word' id='word_1_57' title='bbox 210 1581 247 1646; x_wconf 91' lang='lat' dir='ltr'><strong>id</strong></span> <span class='ocrx_word' id='word_1_58' title='bbox 271 1579 411 1666; x_wconf 88' lang='lat' dir='ltr'><strong>quidem</strong></span> <span class='ocrx_word' id='word_1_59' title='bbox 433 1577 605 1665; x_wconf 86' lang='lat' dir='ltr'><strong>imprimis</strong></span> <span class='ocrx_word' id='word_1_60' title='bbox 628 1576 666 1641; x_wconf 92' lang='lat' dir='ltr'><strong>in</strong></span> <span class='ocrx_word' id='word_1_61' title='bbox 687 1575 859 1641; x_wconf 87' lang='lat' dir='ltr'><strong>rationem</strong></span> <span class='ocrx_word' id='word_1_62' title='bbox 882 1597 1007 1640; x_wconf 91' lang='lat' dir='ltr'><strong>causae</strong></span> <span class='ocrx_word' id='word_1_63' title='bbox 1027 1575 1273 1663; x_wconf 80' lang='lat' dir='ltr'><strong>exprimendae</strong></span> <span class='ocrx_word' id='word_1_64' title='bbox 1289 1599 1344 1642; x_wconf 89' lang='lat' dir='ltr'><strong>ca-</strong></span> 
     </span>
     <span class='ocr_line' id='line_1_11' title="bbox 213 1677 1344 1766; baseline -0.004 -18"><span class='ocrx_word' id='word_1_65' title='bbox 213 1683 273 1750; x_wconf 89' lang='lat' dir='ltr'><strong>dit.</strong></span> <span class='ocrx_word' id='word_1_66' title='bbox 318 1683 407 1748; x_wconf 87' lang='lat' dir='ltr'><strong>Nam</strong></span> <span class='ocrx_word' id='word_1_67' title='bbox 438 1687 527 1746; x_wconf 90' lang='lat' dir='ltr'><strong>teste</strong></span> <span class='ocrx_word' id='word_1_68' title='bbox 560 1679 811 1766; x_wconf 78' lang='lat' dir='ltr'><strong>Draeger02)</strong></span> <span class='ocrx_word' id='word_1_69' title='bbox 847 1677 1033 1765; x_wconf 87' lang='lat' dir='ltr'><strong>scriptores</strong></span> <span class='ocrx_word' id='word_1_70' title='bbox 1065 1679 1174 1766; x_wconf 81' lang='lat' dir='ltr'><strong>prisci</strong></span> <span class='ocrx_word' id='word_1_71' title='bbox 1203 1679 1243 1745; x_wconf 80' lang='lat' dir='ltr'><strong>ab</strong></span> <span class='ocrx_word' id='word_1_72' title='bbox 1266 1701 1344 1744; x_wconf 90' lang='lat' dir='ltr'><strong>cum</strong></span> 
     </span>
     <span class='ocr_line' id='line_1_12' title="bbox 213 1779 1344 1870; baseline -0.003 -19"><span class='ocrx_word' id='word_1_73' title='bbox 213 1786 280 1851; x_wconf 89' lang='lat' dir='ltr'><strong>abl.</strong></span> <span class='ocrx_word' id='word_1_74' title='bbox 304 1807 343 1851; x_wconf 90' lang='lat' dir='ltr'><strong>ec</strong></span> <span class='ocrx_word' id='word_1_75' title='bbox 360 1807 464 1851; x_wconf 88' lang='lat' dir='ltr'><strong>sensu</strong></span> <span class='ocrx_word' id='word_1_76' title='bbox 479 1783 633 1870; x_wconf 91' lang='lat' dir='ltr'><strong>positum</strong></span> <span class='ocrx_word' id='word_1_77' title='bbox 647 1803 719 1847; x_wconf 90' lang='lat' dir='ltr'><strong>non</strong></span> <span class='ocrx_word' id='word_1_78' title='bbox 734 1779 935 1846; x_wconf 87' lang='lat' dir='ltr'><strong>admittunt.</strong></span> <span class='ocrx_word' id='word_1_79' title='bbox 967 1782 1097 1847; x_wconf 78' lang='lat' dir='ltr'><strong>Contra</strong></span> <span class='ocrx_word' id='word_1_80' title='bbox 1112 1782 1292 1848; x_wconf 88' lang='lat' dir='ltr'><strong>Lucretius</strong></span> <span class='ocrx_word' id='word_1_81' title='bbox 1308 1788 1344 1848; x_wconf 89' lang='lat' dir='ltr'><strong>et</strong></span> 
     </span>
     <span class='ocr_line' id='line_1_13' title="bbox 213 1884 1344 1973; baseline -0.004 -19"><span class='ocrx_word' id='word_1_82' title='bbox 213 1889 322 1955; x_wconf 87' lang='lat' dir='ltr'><strong>Varro</strong></span> <span class='ocrx_word' id='word_1_83' title='bbox 344 1926 388 1937; x_wconf 95' lang='lat'>-</span> <span class='ocrx_word' id='word_1_84' title='bbox 410 1893 455 1966; x_wconf 89' lang='lat' dir='ltr'><strong>et,</strong></span> <span class='ocrx_word' id='word_1_85' title='bbox 488 1885 649 1973; x_wconf 88' lang='lat' dir='ltr'><strong>quamvis</strong></span> <span class='ocrx_word' id='word_1_86' title='bbox 681 1905 769 1969; x_wconf 84' lang='lat' dir='ltr'><strong>raro,</strong></span> <span class='ocrx_word' id='word_1_87' title='bbox 805 1884 927 1950; x_wconf 82' lang='lat' dir='ltr'><strong>Cicero</strong></span> <span class='ocrx_word' id='word_1_88' title='bbox 960 1887 1050 1970; x_wconf 82' lang='lat'>-³)‚</span> <span class='ocrx_word' id='word_1_89' title='bbox 1075 1906 1203 1971; x_wconf 91' lang='lat' dir='ltr'><strong>eosque</strong></span> <span class='ocrx_word' id='word_1_90' title='bbox 1233 1885 1344 1950; x_wconf 88' lang='lat' dir='ltr'><strong>secuti</strong></span> 
     </span>
     <span class='ocr_line' id='line_1_14' title="bbox 213 1985 1345 2076; baseline -0.002 -20"><span class='ocrx_word' id='word_1_91' title='bbox 213 1998 337 2076; x_wconf 90' lang='lat' dir='ltr'><strong>poetae</strong></span> <span class='ocrx_word' id='word_1_92' title='bbox 359 1991 439 2056; x_wconf 82' lang='lat' dir='ltr'><strong>aevi</strong></span> <span class='ocrx_word' id='word_1_93' title='bbox 459 1989 613 2075; x_wconf 78' lang='lat' dir='ltr'><strong>Augusti</strong></span> <span class='ocrx_word' id='word_1_94' title='bbox 635 1985 728 2053; x_wconf 86' lang='lat' dir='ltr'><strong>hunc</strong></span> <span class='ocrx_word' id='word_1_95' title='bbox 748 2009 852 2052; x_wconf 89' lang='lat' dir='ltr'><strong>usum</strong></span> <span class='ocrx_word' id='word_1_96' title='bbox 874 1988 977 2074; x_wconf 84' lang='lat' dir='ltr'><strong>paulo</strong></span> <span class='ocrx_word' id='word_1_97' title='bbox 994 1987 1168 2054; x_wconf 88' lang='lat' dir='ltr'><strong>duriorem</strong></span> <span class='ocrx_word' id='word_1_98' title='bbox 1183 1989 1345 2075; x_wconf 85' lang='lat' dir='ltr'><strong>frequen·</strong></span> 
     </span>
     <span class='ocr_line' id='line_1_15' title="bbox 216 2089 1344 2177; baseline 0 -21"><span class='ocrx_word' id='word_1_99' title='bbox 216 2100 386 2158; x_wconf 87' lang='lat' dir='ltr'><strong>taverunt.</strong></span> <span class='ocrx_word' id='word_1_100' title='bbox 410 2093 539 2159; x_wconf 86' lang='lat' dir='ltr'><strong>—Iam</strong></span> <span class='ocrx_word' id='word_1_101' title='bbox 555 2112 638 2156; x_wconf 87' lang='lat' dir='ltr'><strong>vero</strong></span> <span class='ocrx_word' id='word_1_102' title='bbox 655 2089 902 2176; x_wconf 86' lang='lat' dir='ltr'><strong>quaerendum,</strong></span> <span class='ocrx_word' id='word_1_103' title='bbox 918 2091 1215 2177; x_wconf 86' lang='lat' dir='ltr'><strong>quaenamfuerit</strong></span> <span class='ocrx_word' id='word_1_104' title='bbox 1230 2113 1344 2174; x_wconf 85' lang='lat' dir='ltr'><strong>causa,</strong></span> 
     </span>
     <span class='ocr_line' id='line_1_16' title="bbox 218 2193 1344 2280; baseline 0 -22"><span class='ocrx_word' id='word_1_105' title='bbox 218 2217 278 2259; x_wconf 91' lang='lat' dir='ltr'><strong>cur</strong></span> <span class='ocrx_word' id='word_1_106' title='bbox 311 2217 331 2259; x_wconf 95' lang='lat' dir='ltr'><strong>a</strong></span> <span class='ocrx_word' id='word_1_107' title='bbox 362 2217 455 2258; x_wconf 89' lang='lat' dir='ltr'><strong>more</strong></span> <span class='ocrx_word' id='word_1_108' title='bbox 478 2197 539 2260; x_wconf 85' lang='lat' dir='ltr'><strong>suc</strong></span> <span class='ocrx_word' id='word_1_109' title='bbox 563 2193 711 2279; x_wconf 84' lang='lat' dir='ltr'><strong>vestigia</strong></span> <span class='ocrx_word' id='word_1_110' title='bbox 731 2193 925 2280; x_wconf 87' lang='lat' dir='ltr'><strong>priscorum</strong></span> <span class='ocrx_word' id='word_1_111' title='bbox 956 2207 1137 2280; x_wconf 88' lang='lat' dir='ltr'><strong>poetarum</strong></span> <span class='ocrx_word' id='word_1_112' title='bbox 1163 2194 1344 2280; x_wconf 90' lang='lat' dir='ltr'><strong>premendi</strong></span> 
     </span>
     <span class='ocr_line' id='line_1_17' title="bbox 217 2296 1345 2381; baseline 0.001 -20"><span class='ocrx_word' id='word_1_113' title='bbox 217 2297 395 2362; x_wconf 85' lang='lat' dir='ltr'><strong>recederet</strong></span> <span class='ocrx_word' id='word_1_114' title='bbox 427 2297 620 2364; x_wconf 87' lang='lat' dir='ltr'><strong>Lucretius.</strong></span> <span class='ocrx_word' id='word_1_115' title='bbox 662 2296 842 2381; x_wconf 85' lang='lat' dir='ltr'><strong>Numquid</strong></span> <span class='ocrx_word' id='word_1_116' title='bbox 875 2297 1029 2362; x_wconf 87' lang='lat' dir='ltr'><strong>metricis</strong></span> <span class='ocrx_word' id='word_1_117' title='bbox 1062 2297 1166 2362; x_wconf 88' lang='lat' dir='ltr'><strong>rebus</strong></span> <span class='ocrx_word' id='word_1_118' title='bbox 1189 2297 1345 2363; x_wconf 85' lang='lat' dir='ltr'><strong>tribuen-</strong></span> 
     </span>
     <span class='ocr_line' id='line_1_18' title="bbox 215 2397 1344 2486; baseline -0.002 -20"><span class='ocrx_word' id='word_1_119' title='bbox 215 2397 319 2466; x_wconf 80' lang='lat' dir='ltr'><strong>dum?</strong></span> <span class='ocrx_word' id='word_1_120' title='bbox 343 2399 435 2464; x_wconf 92' lang='lat' dir='ltr'><strong>Num</strong></span> <span class='ocrx_word' id='word_1_121' title='bbox 458 2421 500 2464; x_wconf 88' lang='lat' dir='ltr'><strong>ex</strong></span> <span class='ocrx_word' id='word_1_122' title='bbox 521 2421 588 2465; x_wconf 88' lang='lat' dir='ltr'><strong>usu</strong></span> <span class='ocrx_word' id='word_1_123' title='bbox 605 2399 753 2485; x_wconf 89' lang='lat' dir='ltr'><strong>quodam</strong></span> <span class='ocrx_word' id='word_1_124' title='bbox 768 2397 907 2484; x_wconf 86' lang='lat' dir='ltr'><strong>vulgari</strong></span> <span class='ocrx_word' id='word_1_125' title='bbox 931 2399 981 2464; x_wconf 89' lang='lat' dir='ltr'><strong>sic</strong></span> <span class='ocrx_word' id='word_1_126' title='bbox 995 2399 1134 2464; x_wconf 89' lang='lat' dir='ltr'><strong>locutus</strong></span> <span class='ocrx_word' id='word_1_127' title='bbox 1150 2406 1204 2464; x_wconf 92' lang='lat' dir='ltr'><strong>est</strong></span> <span class='ocrx_word' id='word_1_128' title='bbox 1217 2401 1344 2486; x_wconf 85' lang='lat' dir='ltr'><strong>poeta?</strong></span> 
     </span>
     <span class='ocr_line' id='line_1_19' title="bbox 215 2500 1345 2588; baseline 0.002 -23"><span class='ocrx_word' id='word_1_129' title='bbox 215 2503 272 2566; x_wconf 88' lang='lat' dir='ltr'><strong>An</strong></span> <span class='ocrx_word' id='word_1_130' title='bbox 306 2500 376 2566; x_wconf 85' lang='lat' dir='ltr'><strong>alia</strong></span> <span class='ocrx_word' id='word_1_131' title='bbox 397 2501 455 2566; x_wconf 91' lang='lat' dir='ltr'><strong>hic</strong></span> <span class='ocrx_word' id='word_1_132' title='bbox 477 2502 591 2567; x_wconf 87' lang='lat' dir='ltr'><strong>valuit</strong></span> <span class='ocrx_word' id='word_1_133' title='bbox 612 2501 723 2568; x_wconf 81' lang='lat' dir='ltr'><strong>ratio?</strong></span> <span class='ocrx_word' id='word_1_134' title='bbox 743 2501 814 2568; x_wconf 83' lang='lat' dir='ltr'><strong>Sed</strong></span> <span class='ocrx_word' id='word_1_135' title='bbox 836 2501 923 2568; x_wconf 89' lang='lat' dir='ltr'><strong>haec</strong></span> <span class='ocrx_word' id='word_1_136' title='bbox 945 2502 1103 2588; x_wconf 78' lang='lat' dir='ltr'><strong>quaestio</strong></span> <span class='ocrx_word' id='word_1_137' title='bbox 1127 2524 1206 2568; x_wconf 87' lang='lat' dir='ltr'><strong>curn</strong></span> <span class='ocrx_word' id='word_1_138' title='bbox 1228 2501 1345 2567; x_wconf 88' lang='lat' dir='ltr'><strong>dirimi</strong></span> 
     </span>
     <span class='ocr_line' id='line_1_20' title="bbox 216 2604 1347 2694; baseline 0.002 -27"><span class='ocrx_word' id='word_1_139' title='bbox 216 2611 367 2689; x_wconf 85' lang='lat' dir='ltr'><strong>nequeat</strong></span> <span class='ocrx_word' id='word_1_140' title='bbox 388 2605 458 2669; x_wconf 89' lang='lat' dir='ltr'><strong>nisi</strong></span> <span class='ocrx_word' id='word_1_141' title='bbox 480 2605 701 2691; x_wconf 86' lang='lat' dir='ltr'><strong>pertractetis</strong></span> <span class='ocrx_word' id='word_1_142' title='bbox 723 2605 809 2669; x_wconf 89' lang='lat' dir='ltr'><strong>locis</strong></span> <span class='ocrx_word' id='word_1_143' title='bbox 833 2604 994 2692; x_wconf 85' lang='lat' dir='ltr'><strong>singulis,</strong></span> <span class='ocrx_word' id='word_1_144' title='bbox 1009 2604 1168 2692; x_wconf 86' lang='lat' dir='ltr'><strong>exempla</strong></span> <span class='ocrx_word' id='word_1_145' title='bbox 1183 2605 1250 2670; x_wconf 89' lang='lat' dir='ltr'><strong>iam</strong></span> <span class='ocrx_word' id='word_1_146' title='bbox 1267 2626 1347 2694; x_wconf 91' lang='lat' dir='ltr'><strong>pro·</strong></span> 
     </span>
     <span class='ocr_line' id='line_1_21' title="bbox 216 2706 1235 2772; baseline -0.002 -1"><span class='ocrx_word' id='word_1_147' title='bbox 216 2706 337 2772; x_wconf 85' lang='lat' dir='ltr'><strong>feram.</strong></span> <span class='ocrx_word' id='word_1_148' title='bbox 1231 2715 1235 2720; x_wconf 86' lang='lat'>&#39;</span> 
     </span>
    </p>

    <p class='ocr_par' dir='ltr' id='par_1_5' title="bbox 215 2809 1346 3001">
     <span class='ocr_line' id='line_1_22' title="bbox 316 2809 1346 2897; baseline 0.005 -24"><span class='ocrx_word' id='word_1_149' title='bbox 316 2809 369 2874; x_wconf 88' lang='lat' dir='ltr'><strong>Ac</strong></span> <span class='ocrx_word' id='word_1_150' title='bbox 390 2809 503 2874; x_wconf 91' lang='lat' dir='ltr'><strong>tribus</strong></span> <span class='ocrx_word' id='word_1_151' title='bbox 528 2809 669 2894; x_wconf 88' lang='lat' dir='ltr'><strong>quidem</strong></span> <span class='ocrx_word' id='word_1_152' title='bbox 691 2809 779 2875; x_wconf 89' lang='lat' dir='ltr'><strong>locis</strong></span> <span class='ocrx_word' id='word_1_153' title='bbox 801 2831 873 2875; x_wconf 92' lang='lat' dir='ltr'><strong>non</strong></span> <span class='ocrx_word' id='word_1_154' title='bbox 895 2817 967 2876; x_wconf 91' lang='lat' dir='ltr'><strong>tam</strong></span> <span class='ocrx_word' id='word_1_155' title='bbox 990 2810 1139 2877; x_wconf 90' lang='lat' dir='ltr'><strong>causalis</strong></span> <span class='ocrx_word' id='word_1_156' title='bbox 1163 2833 1269 2897; x_wconf 87' lang='lat' dir='ltr'><strong>quam</strong></span> <span class='ocrx_word' id='word_1_157' title='bbox 1289 2812 1346 2878; x_wconf 92' lang='lat' dir='ltr'><strong>lo·</strong></span> 
     </span>
     <span class='ocr_line' id='line_1_23' title="bbox 215 2912 1345 3001; baseline 0.004 -25"><span class='ocrx_word' id='word_1_158' title='bbox 215 2912 319 2977; x_wconf 89' lang='lat' dir='ltr'><strong>calis</strong></span> <span class='ocrx_word' id='word_1_159' title='bbox 342 2913 397 2978; x_wconf 82' lang='lat' dir='ltr'><strong>vis</strong></span> <span class='ocrx_word' id='word_1_160' title='bbox 420 2912 551 3000; x_wconf 89' lang='lat' dir='ltr'><strong>(unde,</strong></span> <span class='ocrx_word' id='word_1_161' title='bbox 577 2936 598 2978; x_wconf 89' lang='lat' dir='ltr'><strong>a</strong></span> <span class='ocrx_word' id='word_1_162' title='bbox 620 2935 697 2998; x_wconf 91' lang='lat' dir='ltr'><strong>qua</strong></span> <span class='ocrx_word' id='word_1_163' title='bbox 718 2914 851 2999; x_wconf 86' lang='lat' dir='ltr'><strong>parte)</strong></span> <span class='ocrx_word' id='word_1_164' title='bbox 872 2914 1049 3000; x_wconf 84' lang='lat' dir='ltr'><strong>premitur.</strong></span> <span class='ocrx_word' id='word_1_165' title='bbox 1062 2916 1090 2993; x_wconf 68' lang='grc'><strong>4)</strong></span> <span class='ocrx_word' id='word_1_166' title='bbox 1113 2913 1235 3001; x_wconf 81' lang='lat' dir='ltr'><strong>Neque</strong></span> <span class='ocrx_word' id='word_1_167' title='bbox 1251 2915 1345 2981; x_wconf 90' lang='lat' dir='ltr'><strong>enim</strong></span> 
     </span>
    </p>
   </div>
   <div class='ocr_carea' id='block_1_5' title="bbox 214 3015 1438 3103">
    <p class='ocr_par' dir='ltr' id='par_1_6' title="bbox 214 3015 1438 3103">
     <span class='ocr_line' id='line_1_24' title="bbox 214 3015 1438 3103; baseline 0.003 -24"><span class='ocrx_word' id='word_1_168' title='bbox 214 3015 377 3100; x_wconf 73' lang='lat' dir='ltr'><strong>restiupuc&#39;</strong></span> <span class='ocrx_word' id='word_1_169' title='bbox 411 3037 550 3101; x_wconf 89' lang='lat' dir='ltr'><strong>quoque</strong></span> <span class='ocrx_word' id='word_1_170' title='bbox 584 3037 687 3102; x_wconf 89' lang='lat' dir='ltr'><strong>posse</strong></span> <span class='ocrx_word' id='word_1_171' title='bbox 720 3015 760 3083; x_wconf 77' lang='lat' dir='ltr'><strong>ab</strong></span> <span class='ocrx_word' id='word_1_172' title='bbox 790 3016 897 3082; x_wconf 84' lang='lat' dir='ltr'><strong>eodem</strong></span> <span class='ocrx_word' id='word_1_173' title='bbox 930 3038 1059 3102; x_wconf 80' lang='lat' dir='ltr'><strong>corpore</strong></span> <span class='ocrx_word' id='word_1_174' title='bbox 1080 3018 1247 3101; x_wconf 78' lang='lat' dir='ltr'><strong>flammam</strong></span> <span class='ocrx_word' id='word_1_175' title='bbox 1269 3018 1347 3103; x_wconf 82' lang='lat' dir='ltr'>(IV,</span> <span class='ocrx_word' id='word_1_176' title='bbox 1436 3019 1438 3026; x_wconf 88' lang='lat'>&#39;</span> 
     </span>
    </p>
   </div>
   <div class='ocr_carea' id='block_1_6' title="bbox 213 3117 1346 3620">
    <p class='ocr_par' dir='ltr' id='par_1_7' title="bbox 213 3117 1346 3620">
     <span class='ocr_line' id='line_1_25' title="bbox 215 3117 1345 3210; baseline 0.003 -27"><span class='ocrx_word' id='word_1_177' title='bbox 215 3118 311 3205; x_wconf 79' lang='lat'>1087)</span> <span class='ocrx_word' id='word_1_178' title='bbox 345 3139 423 3182; x_wconf 86' lang='lat' dir='ltr'><strong>uum</strong></span> <span class='ocrx_word' id='word_1_179' title='bbox 457 3117 544 3184; x_wconf 89' lang='lat' dir='ltr'><strong>dicit</strong></span> <span class='ocrx_word' id='word_1_180' title='bbox 566 3118 763 3202; x_wconf 88' lang='lat' dir='ltr'><strong>Lucretius,</strong></span> <span class='ocrx_word' id='word_1_181' title='bbox 797 3120 848 3184; x_wconf 91' lang='lat' dir='ltr'><strong>ita</strong></span> <span class='ocrx_word' id='word_1_182' title='bbox 881 3118 947 3186; x_wconf 90' lang='lat' dir='ltr'><strong>hcc</strong></span> <span class='ocrx_word' id='word_1_183' title='bbox 981 3120 1093 3210; x_wconf 89' lang='lat' dir='ltr'><strong>accipi</strong></span> <span class='ocrx_word' id='word_1_184' title='bbox 1126 3121 1214 3204; x_wconf 87' lang='lat' dir='ltr'><strong>vult,</strong></span> <span class='ocrx_word' id='word_1_185' title='bbox 1242 3129 1283 3186; x_wconf 87' lang='lat' dir='ltr'><strong>ut</strong></span> <span class='ocrx_word' id='word_1_186' title='bbox 1305 3121 1345 3188; x_wconf 80' lang='lat' dir='ltr'><strong>ab</strong></span> 
     </span>
     <span class='ocr_line' id='line_1_26' title="bbox 213 3221 1345 3310; baseline 0.003 -25"><span class='ocrx_word' id='word_1_187' title='bbox 213 3241 343 3304; x_wconf 79' lang='lat' dir='ltr'><strong>corpere</strong></span> <span class='ocrx_word' id='word_1_188' title='bbox 377 3243 506 3307; x_wconf 88' lang='lat' dir='ltr'><strong>agens</strong></span> <span class='ocrx_word' id='word_1_189' title='bbox 542 3223 597 3302; x_wconf 90' lang='lat' dir='ltr'><strong>sit,</strong></span> <span class='ocrx_word' id='word_1_190' title='bbox 632 3221 693 3286; x_wconf 91' lang='lat' dir='ltr'><strong>sed</strong></span> <span class='ocrx_word' id='word_1_191' title='bbox 725 3221 905 3288; x_wconf 87' lang='lat' dir='ltr'><strong>localem</strong></span> <span class='ocrx_word' id='word_1_192' title='bbox 945 3245 1085 3290; x_wconf 90' lang='lat' dir='ltr'><strong>sensum</strong></span> <span class='ocrx_word' id='word_1_193' title='bbox 1118 3224 1230 3310; x_wconf 87' lang='lat' dir='ltr'><strong>premi</strong></span> <span class='ocrx_word' id='word_1_194' title='bbox 1262 3224 1345 3290; x_wconf 89' lang='lat' dir='ltr'><strong>inde</strong></span> 
     </span>
     <span class='ocr_line' id='line_1_27' title="bbox 214 3322 1345 3411; baseline 0.003 -23"><span class='ocrx_word' id='word_1_195' title='bbox 214 3322 363 3388; x_wconf 89' lang='lat' dir='ltr'><strong>evadere</strong></span> <span class='ocrx_word' id='word_1_196' title='bbox 396 3322 483 3388; x_wconf 91' lang='lat' dir='ltr'><strong>mihi</strong></span> <span class='ocrx_word' id='word_1_197' title='bbox 517 3323 677 3403; x_wconf 50' lang='lat' dir='ltr'><strong>videtur,¹</strong></span> <span class='ocrx_word' id='word_1_198' title='bbox 705 3326 798 3411; x_wconf 89' lang='lat' dir='ltr'><strong>quod</strong></span> <span class='ocrx_word' id='word_1_199' title='bbox 831 3325 916 3401; x_wconf 86' lang='lat' dir='ltr'><strong>huic</strong></span> <span class='ocrx_word' id='word_1_200' title='bbox 949 3326 1003 3392; x_wconf 53' lang='lat' dir='ltr'><strong>ab,</strong></span> <span class='ocrx_word' id='word_1_201' title='bbox 1019 3347 1149 3410; x_wconf 79' lang='lat' dir='ltr'><strong>corpore</strong></span> <span class='ocrx_word' id='word_1_202' title='bbox 1182 3328 1220 3393; x_wconf 94' lang='lat' dir='ltr'><strong>in</strong></span> <span class='ocrx_word' id='word_1_203' title='bbox 1241 3349 1345 3392; x_wconf 86' lang='lat' dir='ltr'><strong>versu</strong></span> 
     </span>
     <span class='ocr_line' id='line_1_28' title="bbox 214 3425 1346 3514; baseline 0.004 -24"><span class='ocrx_word' id='word_1_204' title='bbox 214 3425 438 3512; x_wconf 82' lang='lat' dir='ltr'><strong>praecedenti</strong></span> <span class='ocrx_word' id='word_1_205' title='bbox 471 3429 667 3514; x_wconf 89' lang='lat' dir='ltr'><strong>oppositum</strong></span> <span class='ocrx_word' id='word_1_206' title='bbox 703 3434 757 3493; x_wconf 91' lang='lat' dir='ltr'><strong>est</strong></span> <span class='ocrx_word' id='word_1_207' title='bbox 787 3429 885 3494; x_wconf 78' lang='lat' dir='ltr'><strong>uude.</strong></span> <span class='ocrx_word' id='word_1_208' title='bbox 921 3468 961 3478; x_wconf 92' lang='lat'><strong>--</strong></span> <span class='ocrx_word' id='word_1_209' title='bbox 994 3431 1081 3495; x_wconf 79' lang='lat' dir='ltr'><strong>Eius</strong></span> <span class='ocrx_word' id='word_1_210' title='bbox 1116 3437 1199 3497; x_wconf 91' lang='lat' dir='ltr'><strong>sunt</strong></span> <span class='ocrx_word' id='word_1_211' title='bbox 1227 3429 1346 3495; x_wconf 88' lang='lat' dir='ltr'><strong>condi·</strong></span> 
     </span>
     <span class='ocr_line' id='line_1_29' title="bbox 216 3528 1346 3620; baseline 0.004 -28"><span class='ocrx_word' id='word_1_212' title='bbox 216 3529 341 3594; x_wconf 89' lang='lat' dir='ltr'><strong>cionis:</strong></span> <span class='ocrx_word' id='word_1_213' title='bbox 375 3528 436 3612; x_wconf 85' lang='lat' dir='ltr'><strong>IV,</strong></span> <span class='ocrx_word' id='word_1_214' title='bbox 469 3532 552 3596; x_wconf 79' lang='lat'>1234</span> <span class='ocrx_word' id='word_1_215' title='bbox 585 3532 677 3614; x_wconf 74' lang='lat' dir='ltr'><strong>(Nec</strong></span> <span class='ocrx_word' id='word_1_216' title='bbox 711 3532 832 3598; x_wconf 83' lang='lat' dir='ltr'><strong>divina</strong></span> <span class='ocrx_word' id='word_1_217' title='bbox 855 3539 968 3598; x_wconf 88' lang='lat' dir='ltr'><strong>satum</strong></span> <span class='ocrx_word' id='word_1_218' title='bbox 991 3534 1181 3620; x_wconf 88' lang='lat' dir='ltr'><strong>genitalem</strong></span> <span class='ocrx_word' id='word_1_219' title='bbox 1203 3532 1346 3599; x_wconf 88' lang='lat' dir='ltr'><strong>numina</strong></span> 
     </span>
    </p>
   </div>
   <div class='ocr_carea' id='block_1_7' title="bbox 215 3631 1345 3723">
    <p class='ocr_par' dir='ltr' id='par_1_8' title="bbox 215 3631 1345 3723">
     <span class='ocr_line' id='line_1_30' title="bbox 215 3631 1345 3723; baseline 0.004 -27"><span class='ocrx_word' id='word_1_220' title='bbox 215 3631 393 3718; x_wconf 84' lang='lat' dir='ltr'><strong>cuiquam)</strong></span> <span class='ocrx_word' id='word_1_221' title='bbox 416 3631 624 3714; x_wconf 85' lang='lat' dir='ltr'><strong>absterrent,</strong></span> <span class='ocrx_word' id='word_1_222' title='bbox 645 3639 740 3718; x_wconf 81' lang='lat' dir='ltr'><strong>puter</strong></span> <span class='ocrx_word' id='word_1_223' title='bbox 761 3656 783 3702; x_wconf 88' lang='lat' dir='ltr'><strong>u</strong></span> <span class='ocrx_word' id='word_1_224' title='bbox 802 3637 919 3721; x_wconf 73' lang='lat' dir='ltr'><strong>quatis</strong></span> <span class='ocrx_word' id='word_1_225' title='bbox 941 3659 986 3720; x_wconf 89' lang='lat' dir='ltr'><strong>ne</strong></span> <span class='ocrx_word' id='word_1_226' title='bbox 1006 3636 1166 3704; x_wconf 88' lang='lat' dir='ltr'><strong>dulcibus</strong></span> <span class='ocrx_word' id='word_1_227' title='bbox 1181 3658 1345 3723; x_wconf 84' lang='lat' dir='ltr'><strong>umquam</strong></span> 
     </span>
    </p>
   </div>
   <div class='ocr_carea' id='block_1_8' title="bbox 214 3773 419 3788">
    <p class='ocr_par' dir='ltr' id='par_1_9' title="bbox 214 3773 419 3788">
     <span class='ocr_line' id='line_1_31' title="bbox 214 3773 419 3788; baseline 0.005 -1"><span class='ocrx_word' id='word_1_228' title='bbox 214 3773 419 3788; x_wconf 67' lang='lat' dir='ltr'><strong>——·—-u·-</strong></span> 
     </span>
    </p>
   </div>
   <div class='ocr_carea' id='block_1_9' title="bbox 213 3854 1346 4015">
    <p class='ocr_par' dir='ltr' id='par_1_10' title="bbox 213 3854 1346 4015">
     <span class='ocr_line' id='line_1_32' title="bbox 318 3854 1346 3927; baseline 0.005 -20"><span class='ocrx_word' id='word_1_229' title='bbox 318 3855 338 3921; x_wconf 85' lang='lat'><strong>¹)</strong></span> <span class='ocrx_word' id='word_1_230' title='bbox 373 3854 407 3909; x_wconf 85' lang='lat' dir='ltr'><strong>E.</strong></span> <span class='ocrx_word' id='word_1_231' title='bbox 433 3855 661 3920; x_wconf 82' lang='lat' dir='ltr'><strong>Duderstadt,</strong></span> <span class='ocrx_word' id='word_1_232' title='bbox 688 3857 732 3910; x_wconf 94' lang='lat' dir='ltr'><strong>De</strong></span> <span class='ocrx_word' id='word_1_233' title='bbox 758 3856 893 3926; x_wconf 88' lang='lat' dir='ltr'><strong>particul.</strong></span> <span class='ocrx_word' id='word_1_234' title='bbox 922 3875 965 3914; x_wconf 87' lang='lat' dir='ltr'><strong>us.</strong></span> <span class='ocrx_word' id='word_1_235' title='bbox 994 3875 1037 3927; x_wconf 83' lang='lat' dir='ltr'><strong>ep.</strong></span> <span class='ocrx_word' id='word_1_236' title='bbox 1066 3857 1177 3926; x_wconf 78' lang='lat' dir='ltr'><strong>Getu115</strong></span> <span class='ocrx_word' id='word_1_237' title='bbox 1195 3857 1247 3911; x_wconf 80' lang='lat' dir='ltr'><strong>cfr.</strong></span> <span class='ocrx_word' id='word_1_238' title='bbox 1274 3857 1346 3912; x_wconf 80' lang='lat' dir='ltr'><strong>Jah-</strong></span> 
     </span>
     <span class='ocr_line' id='line_1_33' title="bbox 213 3938 1239 4015; baseline 0.011 -26"><span class='ocrx_word' id='word_1_239' title='bbox 213 3938 322 3992; x_wconf 86' lang='lat' dir='ltr'><strong>resber.</strong></span> <span class='ocrx_word' id='word_1_240' title='bbox 340 3939 388 3993; x_wconf 85' lang='lat' dir='ltr'><strong>ub.</strong></span> <span class='ocrx_word' id='word_1_241' title='bbox 406 3941 554 3994; x_wconf 80' lang='lat' dir='ltr'><strong>Fortschr.</strong></span> <span class='ocrx_word' id='word_1_242' title='bbox 575 3942 602 3996; x_wconf 91' lang='lat' dir='ltr'><strong>d.</strong></span> <span class='ocrx_word' id='word_1_243' title='bbox 620 3941 709 3995; x_wconf 88' lang='lat' dir='ltr'><strong>klass.</strong></span> <span class='ocrx_word' id='word_1_244' title='bbox 727 3943 990 3998; x_wconf 83' lang='lat' dir='ltr'><strong>Alterthumswiss.</strong></span> <span class='ocrx_word' id='word_1_245' title='bbox 1008 3962 1035 4015; x_wconf 93' lang='lat' dir='ltr'><strong>p.</strong></span> <span class='ocrx_word' id='word_1_246' title='bbox 1054 3946 1114 3999; x_wconf 82' lang='lat'><strong>188.</strong></span> <span class='ocrx_word' id='word_1_247' title='bbox 1144 3997 1146 4001; x_wconf 78' lang='grc'>,</span> <span class='ocrx_word' id='word_1_248' title='bbox 1237 3943 1239 3946; x_wconf 70' lang='grc'><strong>’</strong></span> 
     </span>
    </p>
   </div>
   <div class='ocr_carea' id='block_1_10' title="bbox 315 4042 785 4325">
    <p class='ocr_par' dir='ltr' id='par_1_11' title="bbox 315 4042 785 4325">
     <span class='ocr_line' id='line_1_34' title="bbox 316 4042 719 4116; baseline 0.025 -26"><span class='ocrx_word' id='word_1_249' title='bbox 316 4042 338 4111; x_wconf 68' lang='lat'><strong>2)</strong></span> <span class='ocrx_word' id='word_1_250' title='bbox 373 4043 449 4109; x_wconf 84' lang='lat' dir='ltr'><strong>Hist.</strong></span> <span class='ocrx_word' id='word_1_251' title='bbox 471 4045 719 4116; x_wconf 80' lang='lat' dir='ltr'><strong>synt.1‚p.594.</strong></span> 
     </span>
     <span class='ocr_line' id='line_1_35' title="bbox 315 4145 785 4221; baseline 0.017 -23"><span class='ocrx_word' id='word_1_252' title='bbox 315 4145 336 4212; x_wconf 80' lang='lat'><strong>³)</strong></span> <span class='ocrx_word' id='word_1_253' title='bbox 370 4145 577 4217; x_wconf 86' lang='lat' dir='ltr'><strong>Roessner,</strong></span> <span class='ocrx_word' id='word_1_254' title='bbox 593 4167 620 4220; x_wconf 89' lang='lat' dir='ltr'><strong>p.</strong></span> <span class='ocrx_word' id='word_1_255' title='bbox 640 4151 680 4221; x_wconf 81' lang='lat'><strong>24,</strong></span> <span class='ocrx_word' id='word_1_256' title='bbox 699 4151 785 4206; x_wconf 86' lang='lat' dir='ltr'><strong>infra.</strong></span> 
     </span>
     <span class='ocr_line' id='line_1_36' title="bbox 316 4249 729 4325; baseline 0.022 -25"><span class='ocrx_word' id='word_1_257' title='bbox 316 4249 338 4316; x_wconf 76' lang='lat'><strong>⁴)</strong></span> <span class='ocrx_word' id='word_1_258' title='bbox 374 4249 574 4324; x_wconf 88' lang='lat' dir='ltr'><strong>Roessner‚</strong></span> <span class='ocrx_word' id='word_1_259' title='bbox 593 4271 621 4324; x_wconf 92' lang='lat' dir='ltr'><strong>p.</strong></span> <span class='ocrx_word' id='word_1_260' title='bbox 643 4256 683 4325; x_wconf 86' lang='lat'><strong>23,</strong></span> <span class='ocrx_word' id='word_1_261' title='bbox 703 4256 729 4310; x_wconf 93' lang='lat' dir='ltr'><strong>b.</strong></span> 
     </span>
    </p>
   </div>
   <div class='ocr_carea' id='block_1_11' title="bbox 0 0 1600 4944">
    <p class='ocr_par' dir='ltr' id='par_1_12' title="bbox 0 0 1600 4944">
     <span class='ocr_line' id='line_1_37' title="bbox 0 0 1600 4944; baseline 0 0"><span class='ocrx_word' id='word_1_262' title='bbox 0 0 1600 4944; x_wconf 95' lang='lat' dir='ltr'><strong> </strong></span> 
     </span>
    </p>
   </div>
  </div>
 </body>
</html>
