3188 4944
281 361 356 428 26

269 552 314 613 ut
362 547 400 612 in
444 543 693 624 locutionibus,
743 542 863 628 quales
898 550 982 633 sunt
1011 542 1168 621 devenire,
1198 541 1323 625 deferre
1351 540 1402 618 dd,

272 640 370 717 notio
403 646 726 734 deprnepositionis
759 652 874 712 motus
911 640 1101 712 deorsum
1135 645 1294 731 quamvis
1318 650 1404 710 atte-

272 758 380 818 nuate
401 751 456 836 sir,
481 749 632 816 discerni
655 756 770 820 tamen
791 749 904 836 possit
915 753 951 836 ¹).
1058 783 1061 790 ,

218 885 220 888 ·
302 895 304 900 ·
375 845 450 920 Idm
482 873 564 919 vero
598 851 636 917 in
659 851 809 938 singulis
836 851 942 918 rebus
966 852 1159 918 tractandis
1182 850 1330 917 eundem
1353 872 1404 914 se-

274 980 420 1044 quemur
441 956 607 1036 ordinem,
622 977 689 1043 quo
712 956 767 1021 usi
790 977 918 1040 sumus
936 953 978 1020 de
994 954 1308 1042 adpraepositione
1326 975 1403 1019 cum

276 1062 420 1148 egimus.

527 1353 561 1438 1.
608 1353 713 1447 „De“
743 1349 795 1431 de
822 1297 928 1430 loeo*
943 1348 1144 1450 positum.

283 1637 284 1640 ¹
307 1617 331 1676 1.
375 1615 420 1676 De
440 1615 608 1676 verborum
630 1631 698 1674 eum
720 1615 793 1689 „dr
816 1582 1055 1690 compositirum
1076 1626 1132 1670 usu
1154 1627 1191 1670 ac
1214 1613 1376 1670 structura.

378 1783 415 1865 a)
438 1779 555 1846 Verba
571 1801 649 1845 cum
664 1781 701 1846 de
716 1779 975 1868 praepositione
992 1779 1184 1864 composita
1207 1776 1402 1842 absolute

274 1883 485 1949 adhibentur

382 1990 440 2072 aa)
464 2009 504 2052 ae
526 1985 677 2072 primum
700 1984 839 2070 quidem
864 1983 1121 2068 significatione
1144 1982 1355 2068 primaria.

376 2091 411 2175 a)
447 2090 499 2154 De
532 2095 657 2154 motu:
681 2089 727 2166 ΙΙ,
753 2092 815 2156 926
839 2086 940 2165 Quod
963 2087 993 2152 si
1005 2087 1094 2152 forte
1107 2107 1207 2178 snum
1219 2084 1403 2152 dimittunt

279 2213 420 2278 eorpore
444 2214 583 2258 sensum
605 2198 709 2278 atque
733 2191 840 2257 alium
863 2192 1016 2278 capiunt,
1042 2187 1127 2275 quid
1150 2209 1237 2275 opus
1260 2189 1329 2254 fuit
1344 2189 1401 2255 ad·

273 2294 383 2361 tribui
420 2294 457 2360 id
500 2294 591 2380 quod
634 2295 829 2364 detrahitur.
874 2295 935 2360 Ofr
968 2294 1029 2374 VI,
1065 2295 1137 2360 616.
1171 2293 1208 2378 V,
1243 2296 1316 2377 981,
1349 2295 1398 2359 de·

274 2419 399 2481 eernere
430 2399 458 2479 Ι,
488 2399 561 2465 928.
594 2398 654 2479 IV,
683 2401 713 2480 33
737 2398 863 2480 depasci
883 2397 948 2478 III,
973 2400 1022 2476 1-2;
1045 2397 1232 2479 dernnpere
1246 2397 1306 2476 VI,
1328 2398 1397 2478 5393

273 2503 414 2568 deserere
443 2499 507 2583 ΙΙΙ,
533 2504 605 2582 129,
628 2503 700 2566 232.
732 2498 792 2583 IV,
828 2503 900 2567 591.
924 2499 966 2582 V,
997 2500 1400 2584 1071.171,1241,1286.

272 2605 319 2688 ΙΙ,
355 2607 447 2673 1102.
480 2605 523 2685 V,
559 2603 652 2685 13873
686 2603 809 2668 demere
842 2603 889 2684 ΙΙ,
922 2605 973 2684 21;
1007 2603 1150 2670 decedere
1183 2605 1210 2688 Ι,
1230 2607 1307 2687 320,
1330 2605 1402 2684 680;

272 2707 458 2772 deminuere
480 2705 522 2788 V,
546 2708 620 2786 823,
643 2708 716 2773 389.
763 2707 791 2790 Ι,
814 2710 887 2783 613;
910 2707 1050 2790 definere
1081 2708 1145 2790 ΠΙ,
1168 2710 1241 2790 518;
1265 2709 1404 2774 deterere

273 2810 300 2895 Ι,
338 2813 410 2895 315,
445 2812 517 2892 319;
552 2810 726 2876 decrescere
759 2810 786 2894 Ι,
814 2812 887 2876 314.
916 2811 957 2894 V,
983 2813 1056 2895 5353
1079 2811 1218 2878 delitare
1251 2812 1316 2895 ΙΠ,
1352 2815 1402 2890 24,

274 2915 367 2980 1087.
389 2913 450 2996 VI,
475 2916 526 2996 7ος
549 2913 718 2999 deqnetare
740 2913 785 2997 ΙΙ,
812 2916 882 2997 192;
905 2915 1053 2980 derivare
1075 2915 1119 2999 lI,
1144 2917 1218 2997 365;
1241 2915 1404 2983 declinere

271 3016 317 3101 H,
341 3018 414 3101 221,
439 3018 512 3101 250,
540 3018 613 3097 259;
640 3016 788 3082 decedere
810 3017 857 3099 ΙΙ,
880 3020 952 3100 219,
977 3018 1112 3101 derilecti
1134 3019 1175 3092 V,
1203 3021 1295 3099 1321;
1319 3019 1405 3084 deri-

269 3124 343 3186 tnre
376 3120 440 3209 ΠΙ,
477 3117 570 3202 1079;
604 3120 733 3202 deficere
766 3120 829 3203 ΙΠ,
859 3122 933 3203 454,
966 3122 1039 3190 547.
1085 3122 1113 3207 Ι,
1138 3126 1229 3190 1040.
1263 3123 1306 3206 V,
1331 3125 1403 3190 751.

271 3222 332 3304 VI,
368 3224 461 3288 1233.
495 3221 537 3305 V,
572 3227 645 3290 887.
679 3224 742 3306 HI,
768 3227 840 3306 6103
863 3223 1006 3307 deferens
1027 3226 1068 3308 V,
1093 3228 1165 3310 827,
1191 3230 1285 3309 1129,
1311 3228 1402 3309 1145,

271 3325 318 3408 ΙΙ,
353 3329 446 3406 1174;
481 3325 620 3391 delirnrn
655 3326 683 3406 Ι,
717 3327 780 3394 698
815 3331 849 3390 et
882 3328 1020 3414 pessim3
1055 3329 1219 3395 desistere·
1237 3329 1301 3405 III,
1330 3331 1402 3396 970.

271 3429 331 3512 IV,
356 3431 428 3496 975.
461 3429 503 3510 V,
527 3431 600 3512 827;
625 3429 771 3495 desinere
806 3430 852 3510 ΙΙ,
882 3434 973 3515 1040;
997 3431 1167 3515 defendere
1198 3433 1244 3516 H,
1268 3435 1341 3500 642.
1363 3435 1401 3526 V,

273 3532 365 3615 1429;
388 3531 490 3597 delere
512 3531 553 3616 V,
579 3535 651 3613 7493
674 3533 815 3618 decipere
836 3534 863 3617 Ι,
892 3537 965 3601 941.
988 3535 1049 3619 IV,
1075 3539 1124 3619 16;
1148 3536 1317 3620 deperdere
1338 3537 1402 3620 ΠΙ,

271 3637 344 3718 527;
367 3635 511 3718 deperire
533 3634 579 3720 ΙΙ,
603 3638 676 3702 296.
701 3674 742 3684 -

372 3738 469 3802 Haeo
491 3737 560 3803 duo
583 3738 691 3804 verba
713 3740 868 3824 proxime
892 3740 999 3807 allata
1023 3741 1117 3807 haud
1140 3742 1289 3828 indigna
1312 3765 1398 3809 eom·

270 3847 462 3907 memoratu
494 3836 667 3905 videntur.
711 3841 833 3928 Neque
866 3844 960 3908 enim
995 3844 1082 3910 haec
1110 3846 1304 3932 composita
1327 3846 1400 3910 sine

270 3943 342 4008 ullo
373 3943 517 4009 oonsilio
550 3965 612 4030 pro
637 3945 855 4032 simplicibus
871 3948 1008 4030 perdere
1031 3953 1067 4012 et
1084 3949 1194 4032 perire
1218 3949 1319 4014 metri
1343 3970 1401 4012 ex·

372 4169 393 4237 ¹)
429 4168 566 4223 Friedr.
593 4169 715 4226 Ulrich
741 4159 831 4240 (iiber
859 4171 906 4226 die
933 4172 1067 4242 Compos.
1093 4172 1138 4226 bei
1159 4172 1284 4226 Plautus
1307 4188 1334 4241 p.
1359 4173 1401 4240 20)

269 4253 345 4309 nihil
363 4254 541 4310 discriminis
559 4256 653 4311 cernit
671 4257 748 4311 inter
767 4257 892 4326 „deferre
911 4258 963 4312 nd“
988 4264 1017 4314 et
1036 4258 1166 4329 „adferre
1185 4259 1247 4314 ad“.
