3188 4944
286 344 337 410 IV

243 534 358 620 prisea
392 535 429 599 in
462 535 636 600 latinitate
670 535 765 600 hand
796 535 847 600 ita
877 556 955 600 raro
979 535 1139 620 occurrit,
1162 535 1312 622 primum
1334 535 1372 599 in

249 655 346 731 indu,
370 653 495 719 deinde
518 655 555 719 in
577 658 617 720 ν’νν
640 655 815 720 excultum
838 660 899 722 est.
921 693 962 702 —

311 819 314 828 '
343 808 400 873 Ad
424 808 782 894 significationes
805 815 1026 875 transeuntes
1048 809 1159 896 prima
1177 814 1291 874 aetate
1305 807 1372 874 lin·

240 948 329 1012 guae
351 927 506 993 nudum
538 950 676 994 casum
699 935 802 1014 atque
824 928 997 1017 verbum
1031 927 1212 1016 simplex
1233 928 1278 994 arl
1299 950 1372 994 mo·

201 1135 204 1141 r
240 1054 316 1120 tum
349 1047 406 1110 vel
430 1045 587 1112 ordinem
609 1069 724 1112 rernm
747 1046 979 1112 indicandum
1002 1047 1181 1112 suffecisse
1202 1046 1371 1115 videmus.

240 1165 366 1230 Postea
387 1187 470 1231 vero
494 1188 598 1251 quam
621 1165 776 1232 adolevit
798 1167 977 1252 magisque
1001 1167 1140 1234 exculta
1161 1171 1217 1232 est
1238 1166 1371 1254 lingua,

238 1284 399 1350 notiones
423 1285 656 1351 interioris
680 1292 716 1350 et
740 1287 974 1352 exterioris
996 1285 1185 1352 localitatis
1207 1308 1252 1351 ne
1274 1285 1369 1352 inter

238 1425 274 1468 se
298 1404 602 1484 confunderentur,
625 1404 902 1491 praepositiones
925 1405 1086 1491 usurpari
1109 1414 1252 1492 coeptae
1276 1411 1369 1489 sunt,

238 1529 341 1608 atque
363 1523 414 1588 ita
437 1523 587 1608 quidem,
610 1529 650 1588 ut
671 1524 821 1610 primum
832 1521 977 1590 verbis
1000 1523 1366 1611 praefigerentur,

237 1649 312 1709 tum
333 1664 415 1709 vero
439 1643 633 1711 abundanti
645 1644 795 1730 quadam
806 1647 941 1710 ratione
964 1645 1114 1710 verbis
1136 1644 1371 1732 praefixae

237 1770 335 1828 ante
357 1786 500 1829 casum
522 1764 786 1830 iterarentur
805 1769 837 1846 ¹).
860 1765 983 1849 Itaque
1006 1787 1059 1830 ex.
1075 1787 1126 1850 gr.
1147 1762 1370 1830 huiusmodi:

236 1903 289 1948 ονε
309 1884 358 1949 ire
381 1883 466 1969 quid
488 1883 557 1949 sibi
578 1884 685 1949 vellet
708 1907 787 1950 oum
809 1905 851 1950 ex
872 1885 1184 1951 formalocutionis
1197 1879 1366 1950 nonsatis

236 2003 408 2090 evaderet,
436 2024 475 2069 εοο
495 2003 708 2092 praepositio
729 2004 836 2070 verbo
868 2004 1020 2092 simplici
1058 2004 1171 2071 adfixa
1198 2012 1259 2088 est,
1301 2023 1370 2088 quo

235 2130 311 2188 orta
334 2129 388 2188 est
410 2121 559 2188 locutio:
583 2144 636 2189 ονε
658 2125 756 2190 exire.
802 2124 872 2190 Sed
896 2147 974 2190 cum
995 2147 1039 2190 ne
1062 2125 1127 2190 hac
1151 2122 1292 2210 quidem
1314 2142 1368 2187 ra·

236 2243 336 2308 tione
370 2241 509 2308 sublata
542 2255 633 2309 esset
658 2241 851 2310 obscuritas
874 2245 1062 2310 locutionis
1085 2243 1178 2310 nudo
1201 2263 1284 2310 casu
1307 2263 1363 2306 ex·

232 2384 386 2449 pressae,
410 2364 461 2430 ita
483 2365 700 2429 conformata
723 2374 776 2429 est
799 2365 921 2458 oratic,
944 2376 985 2430 ut
1006 2362 1216 2451 praepositio
1229 2383 1271 2426 ex
1287 2380 1366 2424 con·

225 2483 419 2568 ¹iunctione
453 2482 554 2548 verbi
583 2490 664 2548 ante
687 2505 804 2548 casum
826 2483 1084 2568 transferretur,
1119 2483 1218 2548 cuius
1253 2477 1367 2544 condi·

238 2601 349 2667 cionis
372 2609 500 2668 estex.
522 2623 571 2688 gr.
594 2623 634 2668 ecc
667 2623 720 2667 ονε
752 2605 809 2678 ν’νε,
845 2625 932 2688 quae
966 2601 1108 2688 quidem
1141 2601 1271 2666 locutio
1292 2604 1368 2664 tum

239 2721 278 2786 in
301 2721 391 2786 hanc
415 2720 666 2807 quodammodo
696 2727 958 2808 exaggeratam:
991 2742 1031 2787 εοο
1060 2743 1113 2788 ονε
1147 2725 1234 2788 exire
1253 2713 1369 2785 'abiit

231 2841 430 2927 Vestigium
456 2841 563 2928 prisci
594 2862 678 2907 usus
710 2841 749 2906 in
771 2862 928 2908 sermone
952 2841 1129 2907 Ciceronis
1162 2845 1278 2905 exstat
1303 2859 1359 2904 ex.

230 2984 282 3047 gr.
305 2963 455 3030 animam
476 2963 604 3029 induce.
648 2965 734 3028 ltem
756 2963 882 3049 prioris
906 2967 960 3026 est
976 2962 1121 3047 originis
1143 2982 1257 3047 graec.
1280 2987 1355 3028 κατ·

237 3087 372 3168 ’λθομεν
401 3084 591 3169 Οὐλύμποιο
621 3102 725 3167 quam
746 3083 891 3168 ἤλθομεν
911 3083 981 3152 κατ’
1006 3082 1179 3168 Οὐλύμπου
1193 3081 1229 3168 ²).

338 3219 408 3285 Hic
430 3239 512 3284 usus
527 3218 808 3304 praepositiones
821 3241 900 3284 oum
911 3217 1028 3285 verbis
1044 3218 1252 3305 compositas
1264 3223 1367 3284 ante

235 3359 373 3404 casum
410 3337 597 3404 iterandi
631 3338 703 3403 iam
735 3338 983 3404 vetustissimis
1015 3337 1228 3424 temporibus
1260 3335 1363 3402 nobis

131 3470 138 3484 ·
238 3458 363 3524 obvius
396 3457 450 3542 fit,
485 3459 613 3546 quippe
649 3458 710 3543 qui
732 3457 926 3556 aPlanao
948 3463 1053 3543 atque
1076 3433 1281 3523 Terentio
1304 3454 1364 3520 ad·

235 3580 375 3645 modum
399 3580 639 3664 frequentatus
663 3579 710 3643 sit
721 3579 756 3665 ³).
781 3577 839 3644 Ad
862 3599 979 3644 eorum
995 3577 1283 3644 moremaoeessit
1297 3575 1364 3641 Oa·

235 3698 382 3782 tullus,
419 3699 478 3784 qui
500 3699 531 3763 is
555 3720 691 3785 quoque
714 3699 857 3765 iteratas
878 3699 1152 3786 praepositiones
1177 3696 1362 3763 adamavit.

235 3818 436 3884 Tibullus
462 3839 544 3884 vero
579 3828 614 3886 et
646 3821 901 3908 Propertius
933 3841 1119 3904 omnesque
1143 3817 1268 3884 aetatis
1290 3818 1363 3882 Au·

338 4111 358 4182 ¹)
377 4110 428 4164 Ofr
446 4103 612 4167 Schmalz
631 4112 662 4166 in
681 4111 859 4166 Muelleri
895 4111 1060 4165 Handbuoh
1079 4117 1132 4166 etc.
1151 4111 1188 4180 Il,
1207 4127 1234 4181 p.
1251 4111 1313 4167 440.

337 4200 358 4265 ²)
380 4196 441 4250 Vid.
463 4196 634 4266 Schwarz,
653 4198 689 4251 de
708 4213 826 4267 praepp.
845 4213 939 4267 graec.
958 4205 988 4251 et
1004 4200 1052 4250 lat.
1071 4214 1098 4268 p.
1117 4197 1158 4251 32.

336 4286 357 4352 ³)
375 4282 426 4337 Cfr
445 4282 618 4337 Schmalz
637 4284 668 4336 in
687 4283 867 4371 Muelleri
896 4282 1061 4337 Handbuch
1080 4292 1133 4337 etc.
1152 4284 1188 4350 ll,
1206 4299 1233 4353 p.
1252 4283 1312 4337 440.
