3188 4944
304 305 329 368 ll

258 494 337 555 leoud
358 512 457 570 panca
488 495 518 553 in
540 513 614 570 quae
634 493 801 557 accuratius
822 497 1013 574 inquiramus.
1048 498 1131 575 Quod
1152 505 1185 561 nl
1211 501 1308 575 facere
1330 521 1374 564 co·

258 634 347 676 narer
379 633 442 676 enm
462 615 534 675 milri
552 633 724 689 persuasum
746 619 827 690 esset,
851 621 936 691 atque
956 617 1017 676 iam
1039 618 1218 693 aliquantum
1241 625 1381 702 temporis

258 737 289 796 in
321 754 352 795 eo
385 735 632 810 consumpsissem,
667 739 699 795 ut
727 734 761 794 de
794 735 954 796 omnibns
982 739 1247 812 praepositionibus
1267 761 1385 820 quaere·

258 874 328 926 rem,
362 854 394 914 id
416 854 531 915 tandem
551 855 623 915 mcii
637 856 790 930 proposui,
812 858 846 916 nt
870 856 916 926 iis,
951 874 1023 932 quoe
1055 857 1127 917 melei
1146 861 1183 921 ds
1205 861 1382 939 praecipuis

257 979 320 1046 loci
340 974 621 1055 praepositionibus
651 974 818 1036 adnotando
849 977 915 1037 uisa
944 982 1045 1050 essent,
1079 997 1166 1054 qnam
1179 977 1255 1062 fleri
1275 985 1382 1055 posset
1467 970 1472 984 '

259 1096 474 1157 accuratissime
499 1096 622 1156 collectis
652 1096 764 1176 aliquid
795 1097 905 1168 saltem,
939 1103 1194 1178 quantumcumque
1226 1104 1254 1160 et
1280 1101 1394 1181 qualo

258 1235 375 1296 cumque
411 1220 493 1288 esset,
533 1217 573 1277 od
604 1221 741 1278 naturam
776 1218 1023 1292 praepositionum
1054 1224 1128 1279 recte
1159 1220 1374 1294 intellependam

157 1357 158 1360 ¹
259 1339 344 1416 atque
358 1336 590 1412 perspiciendam
611 1335 768 1409 adferrem.
812 1333 869 1395 Sed
890 1354 953 1396 cum
974 1339 1023 1413 ab,
1045 1340 1092 1413 do,
1114 1356 1160 1415 ox,
1190 1342 1239 1414 cd,
1271 1341 1305 1402 in
1332 1359 1381 1400 or-

261 1457 335 1517 tiore
355 1456 465 1516 uinculo
487 1456 562 1516 inter
583 1474 614 1516 se
635 1455 825 1527 conauueu,
859 1457 950 1532 inter,
974 1474 1031 1535 per
1060 1458 1189 1538 clamne
1214 1459 1269 1519 loci
1290 1478 1377 1534 prae·

254 1577 414 1652 positiones
435 1576 471 1635 ab
494 1575 540 1635 luis
562 1575 771 1656 quodammodo
798 1545 941 1637 distarent
961 1580 989 1636 et
1019 1576 1092 1637 nillil
1122 1577 1186 1651 fere
1217 1596 1384 1639 commemo-

259 1702 328 1758 ratu
360 1695 476 1770 dipnum
491 1697 671 1771 praeberent,
695 1697 818 1776 quinque
837 1697 906 1758 illas
927 1696 1098 1756 tractandos
1117 1696 1191 1757 milei
1208 1699 1358 1774 proposui.

360 1816 398 1876 In
420 1816 559 1891 euemplis
579 1816 747 1889 adferendis
767 1817 832 1876 non.
842 1816 946 1891 putaui
966 1835 1070 1891 operae
1088 1818 1217 1896 pretinm
1242 1836 1304 1878 esse
1321 1836 1379 1878 om·

259 1937 310 1997 nio
342 1935 381 1997 od
401 1953 489 1996 renum
510 1935 680 2010 eaescrnlere;
704 1935 750 2007 iis,
774 1953 847 2012 qnae
862 1934 908 1996 'od
928 1934 1121 1997 illustrandos
1142 1954 1190 1996 res
1210 1938 1374 1998 necessario

260 2060 360 2126 essent,
394 2055 548 2130 ecscnplis
584 2055 658 2116 sotis
680 2055 768 2116 lobni
787 2060 898 2127 notare,
921 2056 972 2116 nbi
987 2073 1114 2131 prorsus
1137 2057 1245 2117 similia
1266 2056 1376 2132 reperi·

260 2181 367 2236 rentur.

360 2295 398 2356 ln
428 2295 598 2370 corruptelis
626 2299 655 2355 et
675 2294 770 2354 dubiis
791 2294 960 2356 lectiomlms
982 2294 1174 2356 diiudicandis
1196 2314 1243 2356 eos
1266 2299 1376 2356 tantum

259 2417 342 2487 locos,
367 2416 397 2474 in
418 2416 521 2494 quibus
542 2414 578 2474 de
598 2414 859 2489 praepositionibus
881 2418 1022 2488 operetur,
1045 2414 1170 2485 allelui,
1193 2417 1381 2475 ceterumont

258 2535 486 2596 commemoratis
512 2538 563 2594 ont
578 2534 668 2608 plone
689 2533 806 2592 omissis
827 2533 920 2593 uariis
942 2534 1105 2594 lectionibus
1127 2534 1276 2594 editionem
1298 2551 1379 2596 secu-

258 2678 304 2734 tus
326 2689 390 2733 sum
415 2670 695 2732 Luelmonnionam.

360 2791 557 2854 Editionibus
576 2809 648 2852 neus
670 2808 734 2851 sum
754 2790 802 2850 ln's
813 2811 823 2851 .·

362 2913 394 2975 T.
418 2912 537 2972 Inrcred
556 2909 629 2972 Ocri
648 2910 696 2972 De
714 2929 814 2971 rerum
823 2915 932 2970 notura
942 2910 1012 2969 libri
1020 2927 1075 2970 suc
1091 2907 1246 2970 Carolus
1268 2909 1383 2970 Lacl-

249 3050 402 3093 monnus
423 3032 564 3092 recensuit
584 3036 612 3090 et
633 3029 800 3100 emendarit,
824 3029 909 3089 editio
931 3033 1047 3109 quarto,
1061 3027 1202 3100 Berolinl,
1220 3029 1297 3089 1871
1308 3029 1381 3110 (Ae-

257 3151 331 3212 eedil
362 3150 462 3212 Caroli
482 3150 662 3211 Lachmanni
681 3149 711 3209 in
733 3149 864 3209 Lucretii
884 3147 956 3209 Gari
976 3148 1011 3209 de
1031 3168 1130 3210 rerum
1151 3154 1259 3234 natura
1284 3150 1377 3210 libros

258 3272 478 3332 commentarius
494 3268 743 3350 quortnmeditus,
756 3263 900 3339 Berolini,
923 3267 1029 3348 1882).
1044 3303 1084 3314 -
1110 3268 1141 3327 T.
1163 3269 1283 3330 Lucreti
1303 3268 1375 3329 Ocri

259 3391 294 3451 de
325 3409 426 3452 rernm
457 3394 565 3450 notura
586 3389 656 3449 lelri
674 3406 728 3449 senc
749 3387 924 3462 Recopnooit
953 3388 1107 3448 Iacobus
1135 3388 1378 3463 Bernupsins,

259 3511 388 3586 Inpsioe,
416 3511 508 3570 1886.
532 3545 572 3554 -
600 3508 731 3570 Editio
763 3507 971 3583 Bipontina,
1004 3543 1046 3552 -
1079 3509 1128 3571 cui
1157 3508 1286 3568 adnexae
1313 3510 1380 3566 sunt

258 3631 420 3706 scripturae
441 3630 574 3690 editionis
601 3627 840 3701 Wakefieldionoe
862 3646 881 3687 a
902 3627 1062 3704 Repentino
1084 3628 1269 3688 discedentes.
1329 3613 1332 3618 ’

362 3749 493 3830 Dueqoe
513 3754 606 3810 restat
635 3754 669 3810 ut
693 3749 929 3826 praeceptorium
960 3749 1040 3821 meis,
1073 3745 1126 3826 qut
1158 3746 1219 3806 suis
1251 3744 1382 3807 consiliis

260 3868 357 3930 studio
390 3887 453 3929 mea
490 3868 748 3930 benevolentissime
789 3857 981 3939 sublevornnt,
1020 3867 1168 3927 monimus
1207 3882 1244 3926 esc
1286 3865 1383 3926 animo

258 3989 372 4064 pretim
394 4007 487 4065 epam.
