3188 4944
268 311 310 376 24

225 495 265 561 ut
286 494 411 572 Iaccho,
434 495 495 560 ubi
517 494 558 561 ub
579 516 658 561 oum
680 495 820 560 nomine
842 515 1057 582 personae,
1078 518 1141 583 per
1163 517 1267 582 quam
1283 501 1364 560 orte

226 599 272 663 sit
297 598 456 664 condicio
481 597 608 682 aliqua,
631 597 813 680 indicat.¹)
839 635 880 646 -

327 700 439 766 Venio
473 721 567 765 nuno
600 699 644 766 ad
679 699 875 786 exemplum
907 721 992 765 usus
1015 701 1196 766 cuiusdam
1218 723 1260 767 ex
1283 700 1365 765 vul-

225 803 302 888 gari
334 824 490 868 sermone
526 801 601 868 sine
635 802 742 868 dnbio
778 801 854 881 orti,
883 801 976 888 quod
999 803 1079 868 lieet
1101 803 1243 870 unicum
1266 802 1358 890 apud
1399 831 1407 849 ·

225 904 426 969 Lucretium
460 907 583 981 exstet,
616 902 860 989 dignissimum
893 909 1009 968 tamen
1031 904 1182 986 videtur,
1204 906 1242 971 in
1265 904 1360 991 quod

227 1006 423 1071 aoouratius
456 1005 682 1092 inquiramus,
708 1007 836 1094 quippe
860 1028 929 1092 quo
952 1008 1170 1075 abnndantia
1192 1009 1364 1096 loquendi

225 1108 439 1174 Lucretiana
461 1129 566 1193 quam
588 1108 852 1175 evidentissime
876 1109 1083 1178 illustretur.

328 1211 417 1277 Nam
442 1233 519 1277 oum
542 1212 671 1278 dieitur
693 1213 758 1296 ΙΙΙ,
781 1216 844 1280 909
867 1211 958 1278 illud
980 1214 1019 1281 ub
1041 1215 1227 1302 anigitur
1255 1237 1361 1300 quae·

226 1313 371 1380 rendum
406 1316 469 1391 est,
503 1312 543 1380 ab
575 1335 735 1394 „eausam
757 1335 903 1398 eamque
925 1315 1152 1394 axtrinaeouS,
1174 1324 1215 1383 ut
1235 1318 1286 1383 ita
1309 1316 1362 1383 di·

227 1439 312 1495 eam,
347 1415 488 1482 allatam
519 1416 664 1496 indicat,
689 1438 757 1502 qua
781 1416 857 1502 quis
878 1423 994 1482 motus
1017 1417 1151 1504 aliquid
1173 1419 1281 1485 faeiat
1303 1419 1361 1484 vet

226 1525 367 1606 propter
401 1540 502 1604 quam
536 1519 620 1605 quid
653 1519 734 1584 fiat“
749 1519 786 1606 ²),
820 1519 1033 1605 eandemque
1064 1520 1137 1586 fera
1159 1522 1232 1588 vim
1254 1521 1368 1587 habet

226 1620 263 1686 ab
296 1621 353 1688 boo
387 1627 493 1707 atque
527 1620 730 1688 adverbium
752 1623 873 1705 itaque.
918 1622 988 1689 Hie
1011 1645 1093 1689 usus
1116 1627 1366 1711 frequentatus

226 1729 279 1790 est
311 1746 331 1789 a
365 1724 530 1809 Varrone,
556 1725 617 1810 qui
640 1725 788 1812 scriptor
810 1725 849 1792 ab
871 1746 906 1791 eo
928 1732 963 1790 et
985 1745 1006 1790 u
1029 1747 1091 1812 qno
1118 1726 1237 1792 eadem
1260 1749 1363 1792 usur·

227 1827 327 1912 pavit
360 1826 618 1912 significatione
631 1829 669 1908 ³).
713 1829 787 1893 Iam
823 1848 903 1893 vero
937 1827 1015 1894 fieri
1041 1833 1159 1915 potest
1191 1835 1231 1894 ut
1254 1829 1364 1895 offan·

228 1929 331 1994 datur
364 1929 537 2016 quispiam
571 1951 671 1995 aare
695 1929 789 2015 quod
812 1931 920 1996 verba
942 1930 1049 2015 iyitur
1071 1939 1106 1997 et
1128 1932 1167 1998 ab
1189 1931 1246 1997 hoc
1268 1932 1366 1997 idem.

227 2032 299 2096 iere
331 2031 568 2118 significantia
601 2053 671 2098 uno
704 2033 781 2098 looo
816 2033 1008 2119 composita
1029 2040 1120 2101 sunt.
1166 2035 1288 2120 Neque
1311 2042 1363 2100 ta·

227 2156 307 2199 men
329 2140 382 2200 est
406 2133 499 2219 quod
521 2134 588 2200 hoo
615 2135 843 2201 offendamur.
888 2135 977 2202 Nam
999 2143 1244 2223 praeterquam
1267 2137 1361 2223 quod

214 2237 338 2312 ¹Varro
370 2239 551 2304 coniunxit
584 2239 695 2322 itaque
728 2243 763 2305 et
785 2237 825 2306 ab
846 2238 904 2304 boc
926 2244 962 2303 et
988 2260 1066 2304 eum
1089 2239 1151 2304 alii
1174 2240 1363 2326 seriptorae

228 2341 435 2427 (Terentius,
452 2342 586 2422 LiviuS,
602 2343 676 2424 alii)
691 2347 767 2408 tum
782 2343 894 2408 Varro
912 2363 1014 2429 saepe
1031 2341 1250 2407 abundanter
1266 2342 1355 2408 dixe·

227 2451 310 2508 runt
332 2445 442 2530 itaque
461 2449 643 2527 propterea,
656 2445 767 2530 itaque
788 2445 868 2527 ideo,
891 2446 1001 2526 itaque
1023 2443 1143 2511 obeam
1157 2466 1235 2522 rem,
1251 2446 1362 2532 itaquo

228 2549 348 2633 erqo4).
381 2545 577 2626 Lucretiae,
612 2546 696 2613 lieet
726 2567 799 2612 non
823 2546 971 2633 amplius
994 2545 1196 2612 huiusmodi
1216 2547 1361 2613 locutio·

227 2670 306 2714 nem
340 2649 573 2735 usurpaverit,
607 2655 643 2713 at
665 2648 860 2714 locutiones
884 2647 978 2714 haud
1001 2648 1070 2714 alia
1091 2649 1227 2715 ratione
1250 2660 1364 2716 ortas:

228 2755 327 2819 etiam
359 2773 490 2837 quoqne,
524 2752 600 2819 item
635 2773 769 2836 quoque,
795 2757 904 2820 tamen
925 2752 1062 2829 interea,
1080 2757 1156 2835 post
1176 2753 1262 2832 inde,
1284 2753 1364 2818 inde

223 2845 393 2939 proporro,
418 2857 535 2939 quippe
557 2855 656 2935 anim,
674 2855 747 2922 iicet
763 2856 920 2940 quumvis,
934 2852 1020 2920 alias
1035 2854 1163 2919 multas
1175 2858 1200 2936 ὅ)
1213 2856 1361 2920 maxime

230 2958 417 3024 adamavit.
463 2958 657 3037 Quaenam
680 2959 730 3024 ita
753 2959 833 3041 sint,
859 2957 1000 3038 locutio,
1025 2957 1137 3042 qualis
1164 2962 1218 3022 est
1244 2957 1283 3025 ab
1305 2957 1367 3024 boc

228 3062 332 3147 ἐρίων
364 3064 422 3145 (=
444 3061 555 3145 itaque
576 3061 705 3146 ibitur),
729 3066 865 3126 tantum
889 3059 989 3125 abest
1010 3066 1050 3125 ut
1072 3082 1092 3124 a
1110 3060 1267 3126 Lueretii
1283 3081 1366 3126 oon·

230 3163 415 3228 suetudine
449 3163 617 3249 loquendi
651 3161 844 3235 abhorreat,
878 3166 918 3226 ut
955 3161 1044 3227 nihil
1082 3184 1122 3228 ea
1157 3169 1274 3249 potest
1310 3185 1363 3228 ra·

229 3265 336 3354 periri
368 3266 481 3351 magis
515 3266 772 3348 Lucretianum,
806 3265 911 3351 idque
944 3265 1058 3344 miror,
1094 3265 1186 3351 quod
1212 3265 1362 3331 Kraet·

231 3368 407 3454 sohium,
439 3369 500 3455 qui
531 3357 671 3456 proprie
699 3367 741 3434 de
764 3367 958 3434 abundanti
981 3367 1121 3433 dicendi
1142 3390 1270 3454 genere
1292 3369 1365 3434 Lu·

332 3647 353 3714 ²)
373 3642 424 3697 Ofr
442 3642 551 3710 Hand,
569 3643 590 3712 I,
601 3659 628 3712 p.
638 3643 679 3712 29,
690 3647 720 3696 et
737 3642 905 3712 Georgan
922 3642 1021 3696 Lexic.
1041 3641 1097 3695 Vix
1114 3657 1185 3695 vero
1199 3647 1244 3697 est
1256 3659 1361 3713 operae

230 3729 408 3783 mentionem
425 3727 523 3782 faeere
541 3726 680 3781 editionis
699 3727 872 3798 Bipontinae
886 3726 918 3782 ab
935 3727 1030 3783 Iacobo
1047 3725 1142 3782 Iacchi
1159 3727 1199 3782 vel
1215 3727 1304 3784 amieo
1321 3727 1366 3783 vel

229 3816 318 3868 mater
335 3811 556 3884 perversissime
574 3812 803 3882 interpretantis.

333 3917 354 3985 ²)
388 3915 780 3986 Roessner,p.25,§17.

333 4019 354 4089 ³)
388 4018 576 4088 Roesener,
593 4036 621 4090 p.
640 4020 775 4087 25,§17.

333 4124 354 4194 ⁴)
389 4122 582 4187 Roessner,
600 4139 627 4192 p.
647 4123 688 4193 25,
709 4127 723 4187 5
743 4124 784 4188 17,
802 4125 837 4193 a).

333 4227 353 4295 ὁ)
374 4225 436 4279 Vid.
455 4225 647 4296 Kraetseh,
665 4226 710 4279 De
728 4225 835 4280 abund.
854 4225 967 4280 dioend.
979 4242 1045 4297 gen.
1057 4225 1173 4280 Lueret.
1186 4242 1234 4297 pp.
1246 4226 1280 4278 48
1298 4241 1364 4294 sqq.
