3188 4944
319 351 359 414 12

376 535 454 600 Hoc
493 535 569 600 loco
610 535 729 600 adfero
770 535 833 618 111,
867 537 931 604 954
951 533 1051 620 'aufer
1085 536 1202 602 abhinc
1235 535 1407 602 lacrimas,

274 637 364 703 Nam
397 636 514 703 abhinc
546 635 640 701 haud
673 641 727 701 est
749 637 943 723 indignum,
967 639 1010 703 de
1034 657 1101 722 quc
1123 638 1236 704 fusius
1258 659 1408 724 expona-

273 762 360 807 mus.
415 739 592 804 Adverbia
634 739 760 819 abbiate,
804 740 929 821 debinc,
966 740 1094 818 obinde,
1131 741 1252 820 deinde
1291 741 1408 808 exinde

274 841 505 909 usitatissima
541 847 636 922 sunt;
674 842 712 906 in
750 842 794 908 iis
835 841 1082 930 componendis
1120 849 1238 908 tamen
1270 844 1408 908 uberta-

274 954 345 1016 tem
382 944 549 1029 loquendi
589 944 742 1015 valuisse
782 945 861 1031 quis
902 951 956 1010 est
995 947 1080 1031 quin
1118 947 1260 1015 videat?
1318 947 1352 1012 N
1354 969 1408 1012 am

276 1072 354 1116 oum
375 1049 446 1112 iam
468 1046 596 1111 suffixo
620 1046 739 1112 addito
762 1048 991 1128 notiofmotus
1007 1048 1170 1114 alicunde
1186 1049 1290 1135 plena
1306 1055 1406 1130 esset,

276 1149 491 1238 pleonastica
518 1148 665 1235 quadam
687 1149 823 1214 ratione
845 1151 1123 1236 praepositiones
1145 1151 1228 1216 illae
1252 1151 1408 1217 adiectae

278 1259 359 1319 sunt
371 1255 408 1338 1).
453 1253 518 1317 Est
552 1258 669 1316 autem
701 1251 766 1317 boc
801 1254 967 1317 sermonis
994 1253 1160 1339 vulgaris
1183 1259 1225 1318 nt
1247 1253 1407 1318 notiones

278 1356 322 1423 ab
343 1354 543 1420 hominibus
566 1354 697 1419 exculti
719 1355 854 1467 ingenii
875 1377 1009 1421 summa
1032 1379 1111 1422 oum
1130 1356 1330 1422 subtilitate
1352 1378 1409 1421 cx·

276 1479 412 1546 pressas
445 1456 707 1542 perspicuitatis
741 1479 846 1522 causa
879 1458 993 1523 fusius
1027 1459 1189 1544 explicet,
1225 1480 1293 1545 quo
1325 1459 1408 1523 faoi·

276 1562 345 1627 lius
378 1581 433 1624 res
467 1558 694 1623 describenda
726 1559 770 1624 ad
803 1561 946 1646 ingenia
978 1562 1159 1626 hominurn
1188 1561 1330 1626 rudium
1353 1584 1409 1627 ao-

278 1662 515 1728 commodetur
527 1661 563 1746 2).
624 1660 724 1738 Quod
763 1663 801 1727 in
840 1663 996 1728 Lucretii
1038 1686 1176 1750 quoque
1217 1686 1409 1730 sermonem

280 1765 399 1831 cadere
437 1763 605 1829 concedat
640 1786 781 1830 necesse
819 1771 873 1830 est
910 1767 1068 1852 quisquis
1105 1766 1179 1831 eius
1218 1769 1409 1833 orationem

279 1889 382 1954 saepe
421 1866 628 1952 largissimis
668 1868 772 1932 undis
815 1869 980 1934 fluentem
1025 1875 1129 1954 atquc
1169 1868 1255 1935 adeo
1293 1892 1410 1956 super-

278 1971 444 2036 fluentem
488 1969 654 2054 cognovit
665 1972 701 2052 ³).
763 1970 876 2048 Quare
920 1971 986 2037 hoc
1029 1972 1239 2038 vocabulum
1293 1973 1410 2039 abhinc

278 2074 430 2140 maxime
445 2078 590 2138 naturae
605 2072 809 2138 Lucretiani
825 2076 992 2140 sermonis
1009 2077 1182 2142 convenit.
1228 2077 1411 2142 Praeterea

246 2163 249 2170 ⁵
280 2177 324 2243 ob
359 2198 433 2242 eam
468 2195 605 2261 quoque
639 2198 713 2240 rem
735 2175 852 2243 abhinc
874 2177 940 2242 hoc
962 2178 1037 2243 loco
1061 2179 1164 2244 valde
1188 2180 1410 2244 memorabile

281 2286 343 2363 est,
357 2282 449 2365 quod
473 2301 549 2344 eam
571 2279 677 2343 habet
700 2279 834 2362 vim,nt
856 2302 926 2346 non
950 2281 993 2346 de
1015 2288 1169 2368 tempore
1184 2283 1406 2370 praeterito

279 2386 400 2468 (quam
433 2383 505 2446 vim
537 2420 581 2431 —
615 2382 769 2467 exceptis
799 2383 925 2448 Pacuv.
948 2390 1035 2469 trag.
1060 2388 1110 2465 21,
1133 2385 1237 2471 Apul.
1261 2385 1335 2451 flor.
1359 2388 1405 2461 16,

280 2485 508 2571 scriptoribus
530 2490 725 2569 postremas
748 2483 935 2550 latinitatis
951 2525 994 2532 —
1010 2508 1145 2572 semper
1161 2489 1283 2573 habet)
1295 2490 1333 2574 4),
1351 2488 1410 2553 sed

280 2588 322 2652 de
345 2589 484 2652 futuro
507 2592 661 2671 tempore
685 2587 833 2672 cogitari
854 2587 968 2653 liccat.

381 2690 456 2754 Iam
488 2709 569 2753 vero
607 2689 787 2772 quaeritur
810 2690 901 2755 sitne
923 2692 1119 2778 temporis
1143 2715 1188 2758 an
1210 2692 1293 2758 loci
1315 2694 1411 2758 notio

279 2791 396 2858 abhinc
435 2790 599 2856 adverbio
635 2791 843 2858 tribuenda?
894 2793 1069 2879 Equidem
1106 2796 1277 2860 assentior
1313 2795 1412 2860 Ploe-

278 2895 338 2962 nio
360 2899 481 2960 contra
495 2894 758 2959 Lachmannum
774 2895 844 2960 loci
860 2897 1117 2982 significatione
1133 2898 1199 2964 hoc
1216 2898 1410 2984 accipienti,

282 3020 360 3064 cum
382 2997 549 3083 temporis
571 2997 669 3062 notio
693 3020 714 3062 a
737 2999 862 3062 ceteris
885 2999 1039 3064 eiusdem
1062 3001 1315 3066 enuntiationis
1336 3022 1412 3065 ver·

278 3100 334 3166 bis
357 3099 544 3165 abhorreat
557 3103 595 3185 ⁵).
635 3099 866 3186 Comparandi
881 3123 984 3167 causa
1000 3103 1106 3168 Hand
1118 3106 1149 3188 ⁶)
1162 3103 1276 3169 adfert
1297 3103 1411 3171 Plaut.

279 3205 372 3268 Pers.
398 3204 430 3283 5,
464 3206 494 3283 2,
531 3205 571 3269 19
605 3201 758 3288 iurgium
785 3203 863 3269 binc
896 3205 1041 3288 auferas.
1086 3206 1181 3272 Huic
1208 3206 1322 3271 adicio
1345 3206 1410 3271 hoc

279 3302 474 3390 exemplum
503 3303 719 3370 Plautinum:
751 3306 841 3372 Men.
881 3311 940 3374 607
983 3309 1094 3392 Anser
1129 3310 1206 3374 uiae
1241 3309 1412 3398 palpatio-

279 3430 352 3472 nes.
399 3408 584 3472 Praeterea
617 3409 779 3493 cognatio
813 3411 983 3495 quaedam
1006 3411 1250 3494 abundantiae,
1275 3412 1412 3498 qualem

382 3578 402 3644 ¹)
421 3575 481 3631 Cfr.
509 3575 589 3630 Oarl
617 3577 738 3647 Hamp‚
763 3579 876 3635 Archiv
893 3580 943 3634 fiir
960 3581 1010 3636 lat.
1030 3582 1182 3652 Lexicogr.
1201 3601 1229 3638 u.
1249 3582 1378 3635 Gramm.
1395 3584 1410 3633 5

282 3680 309 3732 p.
330 3663 388 3716 327.

383 3747 743 3816 Mowmmffi

383 3835 404 3902 ³)
422 3831 481 3886 cfr.
509 3833 608 3886 Aem?
626 3831 818 3898 Kraetsch,
844 3835 886 3889 De
913 3837 1075 3891 abundanti
1094 3837 1211 3891 dicendi
1228 3853 1338 3907 genere
1356 3836 1413 3890 Lu-

278 3919 416 3988 cretiano,
435 3917 575 3978 Borolini‚
595 3917 670 3987 1881,
689 3935 737 3988 pp.
755 3920 770 3972 1
790 3937 852 3988 sqq.
871 3926 900 3974 et
917 3923 1034 3992 passim.

380 4005 401 4070 ⁴)
420 4003 478 4057 Csr.
504 4003 624 4057 Heinr.
653 4004 772 4072 Plocn‚
800 4005 911 4060 Archiv
937 4007 958 4059 f.
977 4006 1027 4060 lat.
1051 4007 1122 4062 Lex.
1148 4025 1176 4062 u.
1196 4007 1325 4062 Gramm.
1343 4009 1367 4077 4,
1385 4025 1413 4079 p.

279 4090 418 4154 113,114.

381 4176 402 4243 ⁵)
421 4175 438 4227 1.
457 4192 480 4246 c.
500 4191 527 4244 p.
545 4174 604 4228 113.

382 4262 403 4329 ⁶)
421 4259 544 4314 Tursell.
562 4275 589 4328 p.
608 4259 649 4312 66.
