3188 4944
273 347 317 410 56

333 530 421 595 Cum
452 529 663 594 adieetivo
697 530 963 595 substantive
998 539 1218 618 usurpato:
1246 535 1276 614 I,
1298 534 1361 599 987

228 633 383 718 undique
404 631 617 718 ponderibus
638 632 760 698 solidis
783 634 961 699 confluxet
982 637 1027 700 od
1048 639 1158 701 imum.

331 737 514 802 Terminus
550 735 777 820 significetur,
815 737 866 800 ito
901 743 942 801 ut
978 739 1023 803 od
1057 739 1151 804 idem
1178 739 1234 816 sit,
1268 739 1361 824 quod

228 861 338 924 usque
371 838 467 923 ad¹):
498 839 527 919 Ι,
560 840 624 904 355
656 838 811 924 rigidum
843 849 1025 925 permanat
1056 841 1169 926 frigus
1201 841 1246 908 ud
1276 863 1357 908 osso.

226 941 288 1020 VI,
312 943 405 1008 1168.

332 1047 372 1126 β)
393 1043 445 1106 De
468 1047 593 1106 statu:
609 1041 671 1119 VI,
685 1044 751 1108 694
764 1049 947 1128 praeterea
961 1066 1089 1129 magna
1103 1066 1145 1108 ex
1159 1045 1252 1130 parti
1266 1065 1361 1108 mare

228 1147 356 1212 montis
377 1145 422 1212 ud
443 1144 518 1208 eius
539 1143 663 1209 rudioes
683 1144 815 1228 franqit
827 1144 954 1211 fluctus
972 1155 1176 1232 aestumque
1190 1147 1357 1224 resorbet,

137 1313 143 1324 ,
231 1269 438 1334 quamquam
470 1245 528 1311 hie
562 1246 701 1331 quidem
728 1247 826 1311 locus
848 1247 1105 1314 dubitationem
1125 1248 1292 1331 admittit,
1315 1249 1359 1313 de

230 1357 343 1416 motu
364 1371 411 1413 an
431 1349 475 1414 de
498 1355 610 1413 statu
632 1355 766 1434 agatur.

331 1454 384 1517 De
406 1458 502 1517 statu
523 1450 616 1516 baud
638 1450 743 1515 dubie
766 1452 897 1536 agitur:
920 1453 982 1532 IV,
1009 1455 1092 1520 1062
1112 1475 1194 1518 uam
1215 1452 1247 1518 si
1259 1452 1361 1518 abeat

230 1556 324 1642 quod
353 1577 445 1637 aves,
471 1561 588 1640 presto
611 1555 795 1619 simulacra
816 1562 932 1619 tamen
955 1564 1038 1620 sunt
1058 1556 1155 1620 illius
1177 1563 1213 1620 et
1234 1577 1359 1621 nomen

229 1659 330 1724 dulce
352 1658 538 1723 obvmoatur
559 1656 726 1722 oduario.
749 1657 810 1733 Ἦ,
834 1661 897 1724 729
918 1657 960 1722 fit
982 1680 1121 1743 quoque
1133 1659 1187 1724 uti
1203 1659 1358 1745 pluviae,

225 1761 355 1842 forsan,
377 1759 489 1845 magis
510 1759 555 1825 od
574 1763 674 1841 caput
695 1759 728 1823 ei
750 1767 904 1846 tempore
927 1782 968 1825 eo
983 1761 1077 1842 liunt.
1093 1761 1152 1838 Vl,
1170 1765 1233 1828 756
1248 1767 1360 1826 estut

227 1864 421 1928 Athenaeis
452 1863 491 1926 in
522 1862 714 1936 moenibus,
747 1863 837 1926 areis
870 1864 908 1928 iu
936 1864 1014 1949 ipso
1035 1865 1177 1941 vertioo,
1200 1863 1358 1929 Palladis

227 1968 271 2032 od
304 1964 453 2050 templum
481 1963 674 2029 Tritonidis
703 1964 824 2047 almae,
847 1987 915 2050 quo
938 1987 1126 2051 numquam
1146 1967 1272 2053 pennis
1295 1988 1355 2052 ap·

224 2069 360 2156 pellunt
382 2086 526 2153 corpora
545 2087 671 2131 raucae
694 2068 857 2134 cornices.
877 2068 939 2146 VI,
966 2071 1047 2136 1265
1069 2070 1180 2134 multa
1199 2068 1260 2134 siti
1276 2090 1355 2154 pro·

225 2178 338 2237 macta
357 2171 452 2234 viam
472 2191 535 2255 per
548 2191 679 2256 proque
694 2170 816 2235 voluta
830 2192 976 2257 corpora
989 2170 1113 2238 silanos
1126 2172 1170 2238 od
1184 2192 1351 2256 equorum

227 2283 336 2342 strata
357 2274 528 2339 iacebant.

330 2377 525 2463 Separatim
550 2397 778 2442 commemoro
803 2377 995 2442 locutiones
1017 2397 1090 2453 ease,
1113 2377 1264 2454 attinere,
1280 2397 1352 2460 per-

228 2483 331 2547 tinere
361 2479 406 2546 ud
437 2478 579 2561 aliquid:
611 2480 677 2556 III,
711 2481 775 2545 830
807 2479 859 2544 nil
891 2479 1003 2564 igitur
1027 2500 1119 2544 mors
1152 2485 1200 2544 est
1219 2480 1263 2546 od
1284 2499 1351 2545 noe.

226 2585 289 2649 Cfr
310 2583 374 2659 HL
396 2584 470 2659 845,
492 2585 564 2662 926,
588 2584 669 2660 972,
690 2582 757 2659 ΙΙΙ,
781 2586 844 2649 852
865 2582 917 2646 nil
938 2583 982 2648 od
1003 2602 1064 2647 nos
1085 2621 1126 2630 —
1148 2582 1277 2648 attinet.
1293 2583 1357 2648 cfr

226 2687 287 2764 IV,
310 2689 366 2765 293
388 2685 455 2763 ΙΠ,
478 2687 542 2751 856
557 2685 726 2766 pertineat
747 2724 788 2732 -
810 2686 854 2751 od
874 2705 942 2752 nos.
966 2685 1029 2750 Ofr
1050 2685 1123 2767 VI,·
1135 2687 1197 2752 938
1221 2707 1271 2770 sq.

329 2789 436 2853 Notio
457 2793 572 2852 motus
595 2787 639 2852 ad
661 2787 797 2872 aliquid
819 2787 925 2853 facile
947 2789 1075 2853 transit
1097 2787 1141 2852 ad
1157 2789 1283 2852 finem
1299 2811 1356 2853 ex·

226 2893 459 2979 primendum:
483 2893 530 2970 ΙΙ,
552 2892 617 2958 833
638 2912 781 2956 noscero
803 2898 844 2955 ut
866 2891 948 2956 hino
969 2893 1083 2980 possis
1104 2893 1201 2980 prius
1218 2913 1355 2956 omnem

226 2995 346 3060 efflare
380 2993 531 3059 colorem
551 2992 752 3079 particulas,
776 3015 879 3077 quam
900 2995 1068 3060 discedunt
1088 2996 1133 3060 ad
1153 2997 1279 3060 semim
1301 3015 1355 3057 re·

226 3121 310 3164 rum.
332 3098 395 3162 cfr
415 3099 477 3177 IV,
501 3099 573 3177 895,
595 3096 636 3176 V,
653 3099 716 3163 255
730 3118 812 3182 pars
827 3098 934 3162 etiam
948 3097 1130 3183 glebarum
1144 3098 1188 3163 ud
1202 3096 1354 3162 diluviem

222 3205 398 3266 revocatur.
420 3199 481 3263 Cfr
505 3197 565 3278 VI,
582 3201 659 3279 292;
681 3200 708 3280 I,
726 3201 788 3264 216
813 3221 926 3284 neque
945 3201 989 3265 ad
1007 3199 1114 3265 nilum
1129 3201 1279 3266 iteremot
1292 3221 1350 3264 res

223 3305 286 3368 Ofr
318 3304 343 3386 1,
377 3303 449 3378 237,
483 3302 556 3376 248,
590 3303 661 3377 266,
690 3305 762 3385 541,
786 3304 860 3380 544,
883 3306 955 3387 668,
978 3305 1053 3386 673,
1077 3306 1149 3380 756,
1174 3306 1245 3380 791,
1268 3304 1343 3380 797,

174 3417 178 3423 ’
226 3409 298 3475 857.
321 3407 361 3471 Π
382 3407 454 3486 756,
478 3405 551 3470 864.

327 3496 407 3573 Huc
428 3507 647 3572 referendum
670 3513 738 3572 est:
761 3509 803 3585 V,
827 3510 869 3580 39
891 3508 942 3571 ita
963 3507 1006 3574 od
1025 3508 1175 3575 satiatem
1191 3514 1284 3572 terra
1298 3507 1355 3571 fe·

224 3634 341 3678 rarum
361 3633 455 3676 nuno
476 3610 581 3676 etiam
603 3611 716 3690 scatit,
739 3611 778 3676 in
800 3632 868 3696 quo
884 3611 1009 3676 Holtze
1021 3611 1047 3697 2)
1063 3632 1134 3676 non
1149 3616 1244 3674 recto
1260 3615 1373 3674 tom-¹

224 3716 335 3802 poris
357 3713 644 3800 significationem
666 3715 779 3778 inesse
801 3712 896 3778 dieit.

227 3926 430 3934 *—

327 4057 348 4127 ¹)
368 4056 432 4110 Vid.
451 4057 594 4124 Holtze‚
614 4058 697 4126 Synt.
715 4056 801 4111 Luor.
818 4057 870 4112 lin.
888 4075 915 4128 p.
934 4059 975 4128 71,
994 4059 1031 4129 b).

327 4163 349 4228 ¹)
368 4160 451 4229 Synt.
468 4159 554 4214 Luer.
573 4159 623 4213 lin.
641 4177 668 4230 p.
687 4160 783 4228 71,(1)
