<?xml version="1.0" encoding="UTF-8"?>
<!DOCTYPE html PUBLIC "-//W3C//DTD XHTML 1.0 Transitional//EN"
    "http://www.w3.org/TR/xhtml1/DTD/xhtml1-transitional.dtd">
<html xmlns="http://www.w3.org/1999/xhtml" xml:lang="en" lang="en">
 <head>
  <title>
</title>
<meta http-equiv="Content-Type" content="text/html;charset=utf-8" />
  <meta name='ocr-system' content='tesseract 3.04.00' />
  <meta name='ocr-capabilities' content='ocr_page ocr_carea ocr_par ocr_line ocrx_word'/>
</head>
<body>
  <div class='ocr_page' id='page_1' title='image "./depraecipuarump00hertgoog_0020.png"; bbox 0 0 3188 4944; ppageno 0'>
   <div class='ocr_carea' id='block_1_1' title="bbox 1275 358 1296 424">
    <p class='ocr_par' dir='ltr' id='par_1_1' title="bbox 1275 358 1296 424">
     <span class='ocr_line' id='line_1_1' title="bbox 1275 358 1296 424; baseline 0 0"><span class='ocrx_word' id='word_1_1' title='bbox 1275 358 1296 424; x_wconf 83' lang='lat'>5</span> 
     </span>
    </p>
   </div>
   <div class='ocr_carea' id='block_1_2' title="bbox 204 543 1360 843">
    <p class='ocr_par' dir='ltr' id='par_1_2' title="bbox 204 543 1360 843">
     <span class='ocr_line' id='line_1_2' title="bbox 204 543 1346 637; baseline -0.006 -21"><span class='ocrx_word' id='word_1_2' title='bbox 204 551 307 637; x_wconf 89' lang='lat' dir='ltr'><strong>Apud</strong></span> <span class='ocrx_word' id='word_1_3' title='bbox 346 548 547 616; x_wconf 73' lang='lat' dir='ltr'>Lucretium</span> <span class='ocrx_word' id='word_1_4' title='bbox 583 552 696 615; x_wconf 76' lang='lat' dir='ltr'>extare</span> <span class='ocrx_word' id='word_1_5' title='bbox 733 552 768 611; x_wconf 75' lang='lat' dir='ltr'>eb</span> <span class='ocrx_word' id='word_1_6' title='bbox 800 550 929 612; x_wconf 74' lang='lat' dir='ltr'>castore</span> <span class='ocrx_word' id='word_1_7' title='bbox 963 545 1159 630; x_wconf 84' lang='lat' dir='ltr'>promiscue</span> <span class='ocrx_word' id='word_1_8' title='bbox 1182 543 1346 610; x_wconf 81' lang='lat' dir='ltr'>adhibita</span> 
     </span>
     <span class='ocr_line' id='line_1_3' title="bbox 205 646 1360 736; baseline -0.005 -18"><span class='ocrx_word' id='word_1_9' title='bbox 205 661 297 719; x_wconf 78' lang='lat' dir='ltr'>suni.</span> <span class='ocrx_word' id='word_1_10' title='bbox 342 656 434 718; x_wconf 77' lang='lat' dir='ltr'>Ante</span> <span class='ocrx_word' id='word_1_11' title='bbox 463 651 650 736; x_wconf 66' lang='lat' dir='ltr'>f-litieram</span> <span class='ocrx_word' id='word_1_12' title='bbox 672 650 785 714; x_wconf 84' lang='lat' dir='ltr'>forma</span> <span class='ocrx_word' id='word_1_13' title='bbox 806 647 985 734; x_wconf 71' lang='lat' dir='ltr'>primitiva</span> <span class='ocrx_word' id='word_1_14' title='bbox 1006 667 1046 713; x_wconf 76' lang='lat' dir='ltr'>aa</span> <span class='ocrx_word' id='word_1_15' title='bbox 1067 646 1341 733; x_wconf 77' lang='lat' dir='ltr'>praepositionis</span> <span class='ocrx_word' id='word_1_16' title='bbox 1359 715 1360 724; x_wconf 53' lang='grc'>,</span> 
     </span>
     <span class='ocr_line' id='line_1_4' title="bbox 206 751 969 843; baseline -0.008 -21"><span class='ocrx_word' id='word_1_17' title='bbox 206 759 268 841; x_wconf 84' lang='lat' dir='ltr'>(ec)</span> <span class='ocrx_word' id='word_1_18' title='bbox 291 779 354 843; x_wconf 88' lang='lat' dir='ltr'>per</span> <span class='ocrx_word' id='word_1_19' title='bbox 376 754 664 822; x_wconf 67' lang='lat' dir='ltr'>assimilationem</span> <span class='ocrx_word' id='word_1_20' title='bbox 687 775 725 817; x_wconf 84' lang='lat' dir='ltr'>in</span> <span class='ocrx_word' id='word_1_21' title='bbox 748 751 785 835; x_wconf 79' lang='lat' dir='ltr'>ef</span> <span class='ocrx_word' id='word_1_22' title='bbox 802 756 969 816; x_wconf 74' lang='lat' dir='ltr'>mutaiur.</span> 
     </span>
    </p>
   </div>
   <div class='ocr_carea' id='block_1_3' title="bbox 308 852 1447 940">
    <p class='ocr_par' dir='ltr' id='par_1_3' title="bbox 308 852 1447 940">
     <span class='ocr_line' id='line_1_5' title="bbox 308 852 1447 940; baseline -0.008 -15"><span class='ocrx_word' id='word_1_23' title='bbox 308 860 414 925; x_wconf 80' lang='lat' dir='ltr'>Ante</span> <span class='ocrx_word' id='word_1_24' title='bbox 439 879 577 924; x_wconf 89' lang='lat' dir='ltr'>casum</span> <span class='ocrx_word' id='word_1_25' title='bbox 599 879 638 922; x_wconf 78' lang='grc'>00</span> <span class='ocrx_word' id='word_1_26' title='bbox 652 857 800 921; x_wconf 85' lang='lat' dir='ltr'>formam</span> <span class='ocrx_word' id='word_1_27' title='bbox 815 875 951 940; x_wconf 88' lang='lat' dir='ltr'>semper</span> <span class='ocrx_word' id='word_1_28' title='bbox 966 859 1047 920; x_wconf 79' lang='lat' dir='ltr'>anie</span> <span class='ocrx_word' id='word_1_29' title='bbox 1061 853 1184 921; x_wconf 80' lang='lat' dir='ltr'>vocales</span> <span class='ocrx_word' id='word_1_30' title='bbox 1202 857 1238 917; x_wconf 72' lang='lat' dir='ltr'>ei</span> <span class='ocrx_word' id='word_1_31' title='bbox 1251 852 1346 918; x_wconf 72' lang='lat' dir='ltr'>h-lio-</span> <span class='ocrx_word' id='word_1_32' title='bbox 1443 907 1447 916; x_wconf 86' lang='grc'>,</span> 
     </span>
    </p>
   </div>
   <div class='ocr_carea' id='block_1_4' title="bbox 204 958 1377 4132">
    <p class='ocr_par' dir='ltr' id='par_1_4' title="bbox 207 958 888 1047">
     <span class='ocr_line' id='line_1_6' title="bbox 207 958 888 1047; baseline -0.009 -20"><span class='ocrx_word' id='word_1_33' title='bbox 207 969 317 1028; x_wconf 71' lang='lat' dir='ltr'>heram</span> <span class='ocrx_word' id='word_1_34' title='bbox 337 961 422 1047; x_wconf 90' lang='lat' dir='ltr'>poni</span> <span class='ocrx_word' id='word_1_35' title='bbox 443 960 505 1025; x_wconf 84' lang='lat' dir='ltr'>vix</span> <span class='ocrx_word' id='word_1_36' title='bbox 527 967 581 1024; x_wconf 78' lang='lat' dir='ltr'>esi</span> <span class='ocrx_word' id='word_1_37' title='bbox 604 958 698 1044; x_wconf 88' lang='lat' dir='ltr'>quod</span> <span class='ocrx_word' id='word_1_38' title='bbox 719 979 888 1022; x_wconf 88' lang='lat' dir='ltr'>moneam.</span> 
     </span>
    </p>

    <p class='ocr_par' dir='ltr' id='par_1_5' title="bbox 307 1058 1338 1148">
     <span class='ocr_line' id='line_1_7' title="bbox 307 1058 1338 1148; baseline -0.004 -20"><span class='ocrx_word' id='word_1_39' title='bbox 307 1063 343 1128; x_wconf 85' lang='grc' dir='ltr'><em>Ε</em></span> <span class='ocrx_word' id='word_1_40' title='bbox 363 1063 476 1128; x_wconf 87' lang='lat' dir='ltr'>forma</span> <span class='ocrx_word' id='word_1_41' title='bbox 497 1083 634 1148; x_wconf 84' lang='lat' dir='ltr'>semper</span> <span class='ocrx_word' id='word_1_42' title='bbox 655 1060 835 1126; x_wconf 74' lang='lat' dir='ltr'>invenitur</span> <span class='ocrx_word' id='word_1_43' title='bbox 849 1065 929 1126; x_wconf 79' lang='lat' dir='ltr'>anie</span> <span class='ocrx_word' id='word_1_44' title='bbox 943 1059 1077 1124; x_wconf 74' lang='lat' dir='ltr'>liiieras</span> <span class='ocrx_word' id='word_1_45' title='bbox 1092 1080 1118 1139; x_wconf 77' lang='lat' dir='ltr'>c,</span> <span class='ocrx_word' id='word_1_46' title='bbox 1133 1059 1158 1144; x_wconf 66' lang='lat' dir='ltr'>f,</span> <span class='ocrx_word' id='word_1_47' title='bbox 1171 1080 1202 1143; x_wconf 76' lang='lat'>9,</span> <span class='ocrx_word' id='word_1_48' title='bbox 1220 1058 1239 1139; x_wconf 80' lang='lat' dir='ltr'>l,</span> <span class='ocrx_word' id='word_1_49' title='bbox 1255 1079 1297 1138; x_wconf 88' lang='lat' dir='ltr'>m,</span> <span class='ocrx_word' id='word_1_50' title='bbox 1314 1062 1338 1124; x_wconf 76' lang='lat' dir='ltr'>t.</span> 
     </span>
    </p>

    <p class='ocr_par' dir='ltr' id='par_1_6' title="bbox 204 1161 1343 1758">
     <span class='ocr_line' id='line_1_8' title="bbox 306 1161 1336 1247; baseline -0.006 -17"><span class='ocrx_word' id='word_1_51' title='bbox 306 1167 401 1230; x_wconf 78' lang='lat' dir='ltr'>Ante</span> <span class='ocrx_word' id='word_1_52' title='bbox 433 1166 626 1231; x_wconf 74' lang='lat' dir='ltr'>n-litieram</span> <span class='ocrx_word' id='word_1_53' title='bbox 658 1170 806 1247; x_wconf 77' lang='lat' dir='ltr'>utraque</span> <span class='ocrx_word' id='word_1_54' title='bbox 841 1162 954 1228; x_wconf 84' lang='lat' dir='ltr'>forma</span> <span class='ocrx_word' id='word_1_55' title='bbox 985 1161 1172 1239; x_wconf 65' lang='lat' dir='ltr'>inveniam,</span> <span class='ocrx_word' id='word_1_56' title='bbox 1197 1161 1336 1246; x_wconf 81' lang='lat' dir='ltr'>saepius</span> 
     </span>
     <span class='ocr_line' id='line_1_9' title="bbox 204 1263 1339 1350; baseline -0.005 -16"><span class='ocrx_word' id='word_1_57' title='bbox 204 1277 322 1334; x_wconf 72' lang='lat' dir='ltr'>tamen</span> <span class='ocrx_word' id='word_1_58' title='bbox 344 1290 376 1334; x_wconf 86' lang='lat' dir='ltr'>e:</span> <span class='ocrx_word' id='word_1_59' title='bbox 398 1289 415 1333; x_wconf 88' lang='lat' dir='ltr'>c</span> <span class='ocrx_word' id='word_1_60' title='bbox 436 1268 507 1334; x_wconf 69' lang='lat' dir='ltr'>ailo</span> <span class='ocrx_word' id='word_1_61' title='bbox 528 1270 554 1346; x_wconf 94' lang='grc' dir='ltr'>Ι,</span> <span class='ocrx_word' id='word_1_62' title='bbox 580 1268 651 1345; x_wconf 96' lang='grc'>150,</span> <span class='ocrx_word' id='word_1_63' title='bbox 678 1269 749 1349; x_wconf 94' lang='grc'>185,</span> <span class='ocrx_word' id='word_1_64' title='bbox 773 1270 846 1350; x_wconf 92' lang='grc'>669;</span> <span class='ocrx_word' id='word_1_65' title='bbox 870 1288 887 1332; x_wconf 88' lang='lat' dir='ltr'>c</span> <span class='ocrx_word' id='word_1_66' title='bbox 907 1285 1000 1332; x_wconf 77' lang='grc'>0000</span> <span class='ocrx_word' id='word_1_67' title='bbox 1035 1267 1100 1348; x_wconf 87' lang='grc' dir='ltr'>ΙΠ,</span> <span class='ocrx_word' id='word_1_68' title='bbox 1125 1266 1198 1345; x_wconf 86' lang='grc'>865;</span> <span class='ocrx_word' id='word_1_69' title='bbox 1226 1263 1339 1330; x_wconf 73' lang='lat' dir='ltr'>cacabi</span> 
     </span>
     <span class='ocr_line' id='line_1_10' title="bbox 204 1368 1343 1454; baseline -0.004 -16"><span class='ocrx_word' id='word_1_70' title='bbox 204 1372 265 1452; x_wconf 76' lang='lat' dir='ltr'>VI,</span> <span class='ocrx_word' id='word_1_71' title='bbox 300 1373 375 1454; x_wconf 87' lang='lat'>145;</span> <span class='ocrx_word' id='word_1_72' title='bbox 409 1393 425 1437; x_wconf 87' lang='lat' dir='ltr'>e</span> <span class='ocrx_word' id='word_1_73' title='bbox 458 1370 599 1437; x_wconf 78' lang='lat' dir='ltr'>aubibus</span> <span class='ocrx_word' id='word_1_74' title='bbox 635 1371 690 1454; x_wconf 86' lang='lat' dir='ltr'>VI,</span> <span class='ocrx_word' id='word_1_75' title='bbox 725 1374 803 1451; x_wconf 72' lang='lat'>2013</span> <span class='ocrx_word' id='word_1_76' title='bbox 832 1392 848 1436; x_wconf 85' lang='lat' dir='ltr'>e</span> <span class='ocrx_word' id='word_1_77' title='bbox 878 1369 988 1436; x_wconf 78' lang='lat' dir='ltr'>nervis</span> <span class='ocrx_word' id='word_1_78' title='bbox 1016 1369 1044 1447; x_wconf 91' lang='grc' dir='ltr'>Ι,</span> <span class='ocrx_word' id='word_1_79' title='bbox 1073 1371 1145 1436; x_wconf 92' lang='grc'>811.</span> <span class='ocrx_word' id='word_1_80' title='bbox 1168 1368 1233 1447; x_wconf 94' lang='grc' dir='ltr'>ΙΠ,</span> <span class='ocrx_word' id='word_1_81' title='bbox 1257 1370 1343 1447; x_wconf 83' lang='grc'>697;</span> 
     </span>
     <span class='ocr_line' id='line_1_11' title="bbox 204 1470 1335 1559; baseline -0.007 -17"><span class='ocrx_word' id='word_1_82' title='bbox 204 1497 220 1542; x_wconf 88' lang='lat' dir='ltr'>e</span> <span class='ocrx_word' id='word_1_83' title='bbox 252 1479 364 1540; x_wconf 78' lang='lat' dir='ltr'>nostro</span> <span class='ocrx_word' id='word_1_84' title='bbox 397 1475 443 1551; x_wconf 90' lang='lat' dir='ltr'>H,</span> <span class='ocrx_word' id='word_1_85' title='bbox 480 1476 541 1541; x_wconf 83' lang='lat'>194</span> <span class='ocrx_word' id='word_1_86' title='bbox 570 1473 785 1559; x_wconf 78' lang='lat' dir='ltr'>(Lachmann</span> <span class='ocrx_word' id='word_1_87' title='bbox 807 1480 926 1538; x_wconf 76' lang='lat' dir='ltr'>tamen</span> <span class='ocrx_word' id='word_1_88' title='bbox 947 1477 996 1538; x_wconf 79' lang='lat' dir='ltr'>eci</span> <span class='ocrx_word' id='word_1_89' title='bbox 1015 1474 1205 1554; x_wconf 55' lang='lat' dir='ltr'>nostram</span> <span class='ocrx_word' id='word_1_90' title='bbox 1243 1470 1335 1535; x_wconf 78' lang='lat' dir='ltr'>nobis</span> 
     </span>
     <span class='ocr_line' id='line_1_12' title="bbox 206 1573 1339 1663; baseline -0.005 -20"><span class='ocrx_word' id='word_1_91' title='bbox 206 1577 267 1655; x_wconf 85' lang='lat' dir='ltr'>IV,</span> <span class='ocrx_word' id='word_1_92' title='bbox 296 1580 392 1659; x_wconf 78' lang='lat'>10373</span> <span class='ocrx_word' id='word_1_93' title='bbox 432 1577 498 1660; x_wconf 89' lang='lat' dir='ltr'>(ed.</span> <span class='ocrx_word' id='word_1_94' title='bbox 531 1577 609 1663; x_wconf 90' lang='lat' dir='ltr'>Bip.</span> <span class='ocrx_word' id='word_1_95' title='bbox 643 1583 760 1642; x_wconf 77' lang='lat' dir='ltr'>tamen</span> <span class='ocrx_word' id='word_1_96' title='bbox 793 1577 833 1643; x_wconf 79' lang='lat' dir='ltr'>ia</span> <span class='ocrx_word' id='word_1_97' title='bbox 854 1576 955 1642; x_wconf 78' lang='lat' dir='ltr'>nobis.</span> <span class='ocrx_word' id='word_1_98' title='bbox 1001 1575 1147 1641; x_wconf 79' lang='lat' dir='ltr'>Codices</span> <span class='ocrx_word' id='word_1_99' title='bbox 1170 1573 1339 1660; x_wconf 64' lang='lat' dir='ltr'>praebend</span> 
     </span>
     <span class='ocr_line' id='line_1_13' title="bbox 207 1679 323 1758; baseline 0 -14"><span class='ocrx_word' id='word_1_100' title='bbox 207 1679 323 1758; x_wconf 79' lang='lat' dir='ltr'>nobis).</span> 
     </span>
    </p>

    <p class='ocr_par' dir='ltr' id='par_1_7' title="bbox 204 1781 1329 1968">
     <span class='ocr_line' id='line_1_14' title="bbox 308 1781 1329 1870; baseline -0.002 -23"><span class='ocrx_word' id='word_1_101' title='bbox 308 1781 364 1847; x_wconf 81' lang='lat' dir='ltr'>Ea</span> <span class='ocrx_word' id='word_1_102' title='bbox 393 1782 448 1848; x_wconf 88' lang='lat' dir='ltr'>his</span> <span class='ocrx_word' id='word_1_103' title='bbox 482 1782 756 1870; x_wconf 76' lang='lat' dir='ltr'>deprehendiiur</span> <span class='ocrx_word' id='word_1_104' title='bbox 787 1781 889 1848; x_wconf 87' lang='lat' dir='ltr'>locis:</span> <span class='ocrx_word' id='word_1_105' title='bbox 923 1802 962 1847; x_wconf 72' lang='lat' dir='ltr'>ex</span> <span class='ocrx_word' id='word_1_106' title='bbox 991 1801 1062 1848; x_wconf 81' lang='grc'>000</span> <span class='ocrx_word' id='word_1_107' title='bbox 1094 1782 1140 1866; x_wconf 90' lang='lat' dir='ltr'>H,</span> <span class='ocrx_word' id='word_1_108' title='bbox 1165 1783 1239 1865; x_wconf 85' lang='lat'>930,</span> <span class='ocrx_word' id='word_1_109' title='bbox 1264 1782 1329 1847; x_wconf 77' lang='lat'>932</span> 
     </span>
     <span class='ocr_line' id='line_1_15' title="bbox 204 1885 508 1968; baseline 0 -18"><span class='ocrx_word' id='word_1_110' title='bbox 204 1905 244 1950; x_wconf 77' lang='lat' dir='ltr'>ex</span> <span class='ocrx_word' id='word_1_111' title='bbox 265 1885 362 1952; x_wconf 78' lang='grc'>0000</span> <span class='ocrx_word' id='word_1_112' title='bbox 384 1885 411 1968; x_wconf 93' lang='grc' dir='ltr'>Ι,</span> <span class='ocrx_word' id='word_1_113' title='bbox 436 1889 508 1953; x_wconf 82' lang='grc'>667.</span> 
     </span>
    </p>

    <p class='ocr_par' dir='ltr' id='par_1_8' title="bbox 206 1985 1345 2176">
     <span class='ocr_line' id='line_1_16' title="bbox 307 1985 1345 2072; baseline -0.003 -20"><span class='ocrx_word' id='word_1_114' title='bbox 307 1988 401 2052; x_wconf 72' lang='lat' dir='ltr'>Ante</span> <span class='ocrx_word' id='word_1_115' title='bbox 431 1987 625 2070; x_wconf 74' lang='lat' dir='ltr'>p-liiieram</span> <span class='ocrx_word' id='word_1_116' title='bbox 658 1986 764 2072; x_wconf 86' lang='lat' dir='ltr'>longe</span> <span class='ocrx_word' id='word_1_117' title='bbox 794 1985 996 2072; x_wconf 83' lang='lat' dir='ltr'>saepissime</span> <span class='ocrx_word' id='word_1_118' title='bbox 1020 1987 1162 2072; x_wconf 76' lang='lat' dir='ltr'>aforma</span> <span class='ocrx_word' id='word_1_119' title='bbox 1185 1986 1345 2052; x_wconf 70' lang='lat' dir='ltr'>adhibita</span> 
     </span>
     <span class='ocr_line' id='line_1_17' title="bbox 206 2083 1258 2176; baseline -0.002 -23"><span class='ocrx_word' id='word_1_120' title='bbox 206 2095 268 2155; x_wconf 78' lang='lat' dir='ltr'>est.</span> <span class='ocrx_word' id='word_1_121' title='bbox 313 2090 485 2176; x_wconf 82' lang='lat' dir='ltr'>Exempla</span> <span class='ocrx_word' id='word_1_122' title='bbox 508 2095 625 2154; x_wconf 72' lang='lat' dir='ltr'>autem</span> <span class='ocrx_word' id='word_1_123' title='bbox 640 2088 736 2175; x_wconf 20' lang='lat' dir='ltr'>‘haec</span> <span class='ocrx_word' id='word_1_124' title='bbox 759 2094 851 2154; x_wconf 78' lang='lat' dir='ltr'>sunt.</span> <span class='ocrx_word' id='word_1_125' title='bbox 1255 2083 1258 2088; x_wconf 74' lang='grc'><strong>’</strong></span> 
     </span>
    </p>

    <p class='ocr_par' dir='ltr' id='par_1_9' title="bbox 205 2190 1345 2585">
     <span class='ocr_line' id='line_1_18' title="bbox 308 2190 1342 2275; baseline 0.001 -21"><span class='ocrx_word' id='word_1_126' title='bbox 308 2190 494 2273; x_wconf 75' lang='lat' dir='ltr'>apartibus</span> <span class='ocrx_word' id='word_1_127' title='bbox 514 2191 560 2269; x_wconf 90' lang='lat' dir='ltr'>H,</span> <span class='ocrx_word' id='word_1_128' title='bbox 585 2191 656 2268; x_wconf 84' lang='lat'>159,</span> <span class='ocrx_word' id='word_1_129' title='bbox 680 2191 840 2268; x_wconf 83' lang='lat' dir='ltr'>485.1H‚</span> <span class='ocrx_word' id='word_1_130' title='bbox 864 2192 937 2258; x_wconf 88' lang='grc'>545.</span> <span class='ocrx_word' id='word_1_131' title='bbox 962 2192 1004 2269; x_wconf 81' lang='lat' dir='ltr'>V,</span> <span class='ocrx_word' id='word_1_132' title='bbox 1027 2194 1099 2274; x_wconf 87' lang='grc'>615,</span> <span class='ocrx_word' id='word_1_133' title='bbox 1124 2193 1204 2274; x_wconf 88' lang='grc'>645;</span> <span class='ocrx_word' id='word_1_134' title='bbox 1229 2212 1342 2275; x_wconf 78' lang='lat' dir='ltr'>epor-</span> 
     </span>
     <span class='ocr_line' id='line_1_19' title="bbox 206 2292 1345 2379; baseline 0.004 -23"><span class='ocrx_word' id='word_1_135' title='bbox 206 2292 255 2357; x_wconf 67' lang='grc'>003</span> <span class='ocrx_word' id='word_1_136' title='bbox 287 2293 334 2374; x_wconf 84' lang='grc' dir='ltr'>Π,</span> <span class='ocrx_word' id='word_1_137' title='bbox 367 2294 439 2358; x_wconf 87' lang='grc'>385.</span> <span class='ocrx_word' id='word_1_138' title='bbox 474 2293 534 2370; x_wconf 84' lang='lat' dir='ltr'>VI,</span> <span class='ocrx_word' id='word_1_139' title='bbox 568 2295 641 2372; x_wconf 89' lang='grc'>330,</span> <span class='ocrx_word' id='word_1_140' title='bbox 677 2296 754 2377; x_wconf 80' lang='grc'>353;</span> <span class='ocrx_word' id='word_1_141' title='bbox 786 2316 802 2358; x_wconf 85' lang='lat' dir='ltr'>c</span> <span class='ocrx_word' id='word_1_142' title='bbox 829 2299 955 2379; x_wconf 78' lang='lat' dir='ltr'><em>pectore</em></span> <span class='ocrx_word' id='word_1_143' title='bbox 988 2295 1054 2377; x_wconf 88' lang='lat' dir='ltr'>HI,</span> <span class='ocrx_word' id='word_1_144' title='bbox 1082 2296 1155 2361; x_wconf 86' lang='lat'>908.</span> <span class='ocrx_word' id='word_1_145' title='bbox 1180 2295 1242 2372; x_wconf 84' lang='lat' dir='ltr'>IV,</span> <span class='ocrx_word' id='word_1_146' title='bbox 1265 2297 1345 2375; x_wconf 88' lang='grc' dir='ltr'>9Ο8;</span> 
     </span>
     <span class='ocr_line' id='line_1_20' title="bbox 206 2395 1345 2482; baseline 0.001 -23"><span class='ocrx_word' id='word_1_147' title='bbox 206 2417 221 2459; x_wconf 85' lang='lat' dir='ltr'><em>e</em></span> <span class='ocrx_word' id='word_1_148' title='bbox 244 2395 353 2479; x_wconf 77' lang='lat' dir='ltr'>portic</span> <span class='ocrx_word' id='word_1_149' title='bbox 386 2395 446 2478; x_wconf 91' lang='lat' dir='ltr'>VI,</span> <span class='ocrx_word' id='word_1_150' title='bbox 475 2399 530 2473; x_wconf 83' lang='lat'>32;</span> <span class='ocrx_word' id='word_1_151' title='bbox 560 2417 577 2461; x_wconf 88' lang='lat' dir='ltr'>c</span> <span class='ocrx_word' id='word_1_152' title='bbox 604 2417 739 2480; x_wconf 81' lang='lat' dir='ltr'>procero</span> <span class='ocrx_word' id='word_1_153' title='bbox 772 2398 836 2481; x_wconf 89' lang='lat' dir='ltr'>HI,</span> <span class='ocrx_word' id='word_1_154' title='bbox 870 2401 947 2482; x_wconf 78' lang='lat'>6585</span> <span class='ocrx_word' id='word_1_155' title='bbox 971 2419 987 2463; x_wconf 85' lang='lat' dir='ltr'>e</span> <span class='ocrx_word' id='word_1_156' title='bbox 1007 2397 1172 2482; x_wconf 60' lang='lat' dir='ltr'>perplexis</span> <span class='ocrx_word' id='word_1_157' title='bbox 1194 2397 1241 2476; x_wconf 85' lang='lat' dir='ltr'>H,</span> <span class='ocrx_word' id='word_1_158' title='bbox 1263 2399 1345 2464; x_wconf 77' lang='lat'><strong>4633</strong></span> 
     </span>
     <span class='ocr_line' id='line_1_21' title="bbox 205 2498 1339 2585; baseline 0.002 -22"><span class='ocrx_word' id='word_1_159' title='bbox 205 2519 221 2562; x_wconf 83' lang='lat' dir='ltr'>e</span> <span class='ocrx_word' id='word_1_160' title='bbox 250 2498 412 2582; x_wconf 74' lang='lat' dir='ltr'><em>pauxillis</em></span> <span class='ocrx_word' id='word_1_161' title='bbox 432 2499 459 2582; x_wconf 88' lang='grc' dir='ltr'>Ι,</span> <span class='ocrx_word' id='word_1_162' title='bbox 483 2501 560 2582; x_wconf 85' lang='grc'>835;</span> <span class='ocrx_word' id='word_1_163' title='bbox 584 2501 795 2585; x_wconf 72' lang='grc'>00000003</span> <span class='ocrx_word' id='word_1_164' title='bbox 818 2501 879 2584; x_wconf 92' lang='lat' dir='ltr'>IV,</span> <span class='ocrx_word' id='word_1_165' title='bbox 903 2503 980 2583; x_wconf 76' lang='lat'>5343</span> <span class='ocrx_word' id='word_1_166' title='bbox 1005 2501 1159 2584; x_wconf 75' lang='lat' dir='ltr'>oprimis</span> <span class='ocrx_word' id='word_1_167' title='bbox 1182 2501 1242 2579; x_wconf 88' lang='lat' dir='ltr'>IV,</span> <span class='ocrx_word' id='word_1_168' title='bbox 1268 2501 1339 2566; x_wconf 90' lang='grc'>186.</span> 
     </span>
    </p>

    <p class='ocr_par' dir='ltr' id='par_1_10' title="bbox 204 2601 1377 3401">
     <span class='ocr_line' id='line_1_22' title="bbox 310 2601 1345 2691; baseline 0.001 -27"><span class='ocrx_word' id='word_1_169' title='bbox 310 2601 364 2666; x_wconf 78' lang='lat' dir='ltr'>Ea</span> <span class='ocrx_word' id='word_1_170' title='bbox 395 2601 466 2664; x_wconf 90' lang='lat' dir='ltr'>nisi</span> <span class='ocrx_word' id='word_1_171' title='bbox 499 2608 580 2666; x_wconf 79' lang='lat' dir='ltr'>anie</span> <span class='ocrx_word' id='word_1_172' title='bbox 614 2603 822 2668; x_wconf 88' lang='lat' dir='ltr'>vocabulum</span> <span class='ocrx_word' id='word_1_173' title='bbox 852 2625 935 2686; x_wconf 80' lang='lat' dir='ltr'>pars</span> <span class='ocrx_word' id='word_1_174' title='bbox 956 2625 1028 2668; x_wconf 91' lang='lat' dir='ltr'>non</span> <span class='ocrx_word' id='word_1_175' title='bbox 1050 2601 1345 2691; x_wconf 70' lang='lat' dir='ltr'>deprehendiiurt</span> 
     </span>
     <span class='ocr_line' id='line_1_23' title="bbox 204 2702 1335 2787; baseline 0.001 -21"><span class='ocrx_word' id='word_1_176' title='bbox 204 2723 244 2767; x_wconf 77' lang='lat' dir='ltr'>ecc</span> <span class='ocrx_word' id='word_1_177' title='bbox 265 2703 363 2784; x_wconf 79' lang='lat' dir='ltr'>parii</span> <span class='ocrx_word' id='word_1_178' title='bbox 384 2702 443 2780; x_wconf 90' lang='lat' dir='ltr'>IV,</span> <span class='ocrx_word' id='word_1_179' title='bbox 467 2704 539 2770; x_wconf 89' lang='grc'>515.</span> <span class='ocrx_word' id='word_1_180' title='bbox 562 2705 603 2787; x_wconf 81' lang='lat' dir='ltr'>V,</span> <span class='ocrx_word' id='word_1_181' title='bbox 628 2707 702 2772; x_wconf 80' lang='lat'>721.</span> <span class='ocrx_word' id='word_1_182' title='bbox 727 2705 786 2783; x_wconf 91' lang='lat' dir='ltr'>VI,</span> <span class='ocrx_word' id='word_1_183' title='bbox 811 2708 884 2774; x_wconf 87' lang='grc'>694.</span> <span class='ocrx_word' id='word_1_184' title='bbox 907 2708 935 2783; x_wconf 93' lang='grc' dir='ltr'>Ι,</span> <span class='ocrx_word' id='word_1_185' title='bbox 958 2708 1030 2783; x_wconf 89' lang='grc'>843,</span> <span class='ocrx_word' id='word_1_186' title='bbox 1055 2706 1117 2771; x_wconf 91' lang='lat' dir='ltr'>ubi</span> <span class='ocrx_word' id='word_1_187' title='bbox 1142 2713 1260 2771; x_wconf 77' lang='lat' dir='ltr'>tamen</span> <span class='ocrx_word' id='word_1_188' title='bbox 1282 2703 1335 2770; x_wconf 89' lang='lat' dir='ltr'>ed.</span> 
     </span>
     <span class='ocr_line' id='line_1_24' title="bbox 204 2804 1343 2896; baseline 0.005 -28"><span class='ocrx_word' id='word_1_189' title='bbox 204 2804 283 2891; x_wconf 90' lang='lat' dir='ltr'>Bip.</span> <span class='ocrx_word' id='word_1_190' title='bbox 308 2804 378 2872; x_wconf 79' lang='lat' dir='ltr'>ullo</span> <span class='ocrx_word' id='word_1_191' title='bbox 393 2811 493 2888; x_wconf 78' lang='lat' dir='ltr'>porte</span> <span class='ocrx_word' id='word_1_192' title='bbox 514 2806 597 2872; x_wconf 82' lang='lat' dir='ltr'>idem</span> <span class='ocrx_word' id='word_1_193' title='bbox 619 2809 659 2873; x_wconf 78' lang='lat' dir='ltr'>ia</span> <span class='ocrx_word' id='word_1_194' title='bbox 680 2808 774 2874; x_wconf 75' lang='lat' dir='ltr'>rebus</span> <span class='ocrx_word' id='word_1_195' title='bbox 795 2831 858 2896; x_wconf 90' lang='lat' dir='ltr'>pro</span> <span class='ocrx_word' id='word_1_196' title='bbox 882 2810 1041 2876; x_wconf 89' lang='lat' dir='ltr'>codicum</span> <span class='ocrx_word' id='word_1_197' title='bbox 1062 2809 1134 2876; x_wconf 79' lang='lat' dir='ltr'>alio</span> <span class='ocrx_word' id='word_1_198' title='bbox 1158 2810 1235 2875; x_wconf 78' lang='lat' dir='ltr'>idea</span> <span class='ocrx_word' id='word_1_199' title='bbox 1244 2813 1343 2892; x_wconf 76' lang='lat' dir='ltr'>porte</span> 
     </span>
     <span class='ocr_line' id='line_1_25' title="bbox 205 2907 1341 2995; baseline 0.003 -23"><span class='ocrx_word' id='word_1_200' title='bbox 205 2909 244 2973; x_wconf 75' lang='lat' dir='ltr'>in</span> <span class='ocrx_word' id='word_1_201' title='bbox 266 2907 361 2974; x_wconf 75' lang='lat' dir='ltr'>rebus</span> <span class='ocrx_word' id='word_1_202' title='bbox 381 2908 496 2974; x_wconf 78' lang='lat' dir='ltr'>habet.</span> <span class='ocrx_word' id='word_1_203' title='bbox 541 2910 714 2995; x_wconf 81' lang='lat' dir='ltr'><strong>Equidem</strong></span> <span class='ocrx_word' id='word_1_204' title='bbox 729 2912 898 2978; x_wconf 88' lang='lat' dir='ltr'>facillima</span> <span class='ocrx_word' id='word_1_205' title='bbox 913 2934 957 2977; x_wconf 88' lang='lat' dir='ltr'>ex</span> <span class='ocrx_word' id='word_1_206' title='bbox 971 2913 1172 2978; x_wconf 72' lang='lat' dir='ltr'>coniectura</span> <span class='ocrx_word' id='word_1_207' title='bbox 1187 2912 1341 2976; x_wconf 87' lang='lat' dir='ltr'>scriben-</span> 
     </span>
     <span class='ocr_line' id='line_1_26' title="bbox 207 3011 1377 3100; baseline 0.002 -25"><span class='ocrx_word' id='word_1_208' title='bbox 207 3011 292 3076; x_wconf 87' lang='lat' dir='ltr'>dum</span> <span class='ocrx_word' id='word_1_209' title='bbox 325 3033 448 3077; x_wconf 85' lang='lat' dir='ltr'>censeo</span> <span class='ocrx_word' id='word_1_210' title='bbox 480 3013 554 3079; x_wconf 80' lang='lat' dir='ltr'>aila</span> <span class='ocrx_word' id='word_1_211' title='bbox 585 3014 667 3080; x_wconf 74' lang='lat' dir='ltr'>idam</span> <span class='ocrx_word' id='word_1_212' title='bbox 697 3021 794 3098; x_wconf 77' lang='lat' dir='ltr'>parte</span> <span class='ocrx_word' id='word_1_213' title='bbox 821 3019 860 3082; x_wconf 80' lang='lat' dir='ltr'>ia</span> <span class='ocrx_word' id='word_1_214' title='bbox 882 3016 985 3082; x_wconf 76' lang='lat' dir='ltr'>rebus.</span> <span class='ocrx_word' id='word_1_215' title='bbox 1029 3016 1152 3100; x_wconf 82' lang='lat' dir='ltr'>Neque</span> <span class='ocrx_word' id='word_1_216' title='bbox 1176 3014 1279 3096; x_wconf 89' lang='lat' dir='ltr'>enim,</span> <span class='ocrx_word' id='word_1_217' title='bbox 1301 3021 1343 3078; x_wconf 75' lang='lat' dir='ltr'>ui</span> <span class='ocrx_word' id='word_1_218' title='bbox 1374 3085 1377 3092; x_wconf 42' lang='lat'>‚</span> 
     </span>
     <span class='ocr_line' id='line_1_27' title="bbox 208 3109 1343 3202; baseline 0.004 -27"><span class='ocrx_word' id='word_1_219' title='bbox 208 3113 277 3176; x_wconf 86' lang='lat' dir='ltr'>iam</span> <span class='ocrx_word' id='word_1_220' title='bbox 303 3113 429 3178; x_wconf 75' lang='lat' dir='ltr'>Heliae</span> <span class='ocrx_word' id='word_1_221' title='bbox 454 3115 572 3180; x_wconf 77' lang='lat' dir='ltr'>docuit</span> <span class='ocrx_word' id='word_1_222' title='bbox 585 3119 619 3201; x_wconf 82' lang='lat'>1),</span> <span class='ocrx_word' id='word_1_223' title='bbox 644 3139 727 3182; x_wconf 89' lang='lat' dir='ltr'>vera</span> <span class='ocrx_word' id='word_1_224' title='bbox 750 3109 804 3182; x_wconf 75' lang='lat' dir='ltr'>est</span> <span class='ocrx_word' id='word_1_225' title='bbox 827 3119 1003 3184; x_wconf 75' lang='lat' dir='ltr'>senieniia</span> <span class='ocrx_word' id='word_1_226' title='bbox 1025 3116 1252 3202; x_wconf 84' lang='lat' dir='ltr'>Lachmanni,</span> <span class='ocrx_word' id='word_1_227' title='bbox 1275 3116 1343 3183; x_wconf 85' lang='lat' dir='ltr'>Lu·</span> 
     </span>
     <span class='ocr_line' id='line_1_28' title="bbox 210 3215 1343 3309; baseline 0.005 -32"><span class='ocrx_word' id='word_1_228' title='bbox 210 3215 353 3280; x_wconf 72' lang='lat' dir='ltr'>cratium</span> <span class='ocrx_word' id='word_1_229' title='bbox 393 3219 688 3304; x_wconf 72' lang='lat' dir='ltr'>praepositionem</span> <span class='ocrx_word' id='word_1_230' title='bbox 724 3221 795 3286; x_wconf 89' lang='lat' dir='ltr'>nisi</span> <span class='ocrx_word' id='word_1_231' title='bbox 829 3221 949 3287; x_wconf 77' lang='lat' dir='ltr'>addito</span> <span class='ocrx_word' id='word_1_232' title='bbox 986 3221 1151 3308; x_wconf 76' lang='lat' dir='ltr'>genetivo</span> <span class='ocrx_word' id='word_1_233' title='bbox 1185 3222 1343 3309; x_wconf 72' lang='lat' dir='ltr'>omittere</span> 
     </span>
     <span class='ocr_line' id='line_1_29' title="bbox 208 3317 1233 3401; baseline 0.002 -21"><span class='ocrx_word' id='word_1_234' title='bbox 208 3317 380 3401; x_wconf 72' lang='lat' dir='ltr'>negantis.</span> <span class='ocrx_word' id='word_1_235' title='bbox 514 3348 521 3358; x_wconf 92' lang='lat'>·</span> <span class='ocrx_word' id='word_1_236' title='bbox 1231 3339 1233 3344; x_wconf 89' lang='lat'>·</span> 
     </span>
    </p>

    <p class='ocr_par' dir='ltr' id='par_1_11' title="bbox 207 3424 1337 3606">
     <span class='ocr_line' id='line_1_30' title="bbox 312 3424 1337 3515; baseline 0.01 -32"><span class='ocrx_word' id='word_1_237' title='bbox 312 3424 451 3503; x_wconf 78' lang='lat' dir='ltr'>utroque</span> <span class='ocrx_word' id='word_1_238' title='bbox 482 3444 522 3488; x_wconf 78' lang='lat' dir='ltr'>ca</span> <span class='ocrx_word' id='word_1_239' title='bbox 548 3429 647 3508; x_wconf 79' lang='lat' dir='ltr'>porte</span> <span class='ocrx_word' id='word_1_240' title='bbox 680 3425 739 3506; x_wconf 80' lang='lat' dir='ltr'>IV,</span> <span class='ocrx_word' id='word_1_241' title='bbox 775 3429 848 3494; x_wconf 87' lang='lat'><strong>830.</strong></span> <span class='ocrx_word' id='word_1_242' title='bbox 884 3427 937 3492; x_wconf 88' lang='lat' dir='ltr'>ed.</span> <span class='ocrx_word' id='word_1_243' title='bbox 959 3427 1037 3515; x_wconf 92' lang='lat' dir='ltr'>Bip.</span> <span class='ocrx_word' id='word_1_244' title='bbox 1061 3451 1082 3493; x_wconf 85' lang='lat' dir='ltr'>a</span> <span class='ocrx_word' id='word_1_245' title='bbox 1098 3432 1205 3512; x_wconf 79' lang='lat' dir='ltr'>parte.</span> <span class='ocrx_word' id='word_1_246' title='bbox 1230 3426 1337 3493; x_wconf 83' lang='lat' dir='ltr'>Oodd.</span> 
     </span>
     <span class='ocr_line' id='line_1_31' title="bbox 207 3525 474 3606; baseline 0.007 -19"><span class='ocrx_word' id='word_1_247' title='bbox 207 3525 350 3604; x_wconf 77' lang='lat' dir='ltr'>atraque</span> <span class='ocrx_word' id='word_1_248' title='bbox 365 3529 474 3606; x_wconf 77' lang='lat' dir='ltr'>part.</span> 
     </span>
    </p>

    <p class='ocr_par' dir='ltr' id='par_1_12' title="bbox 205 3625 1342 4132">
     <span class='ocr_line' id='line_1_32' title="bbox 309 3625 1339 3719; baseline 0.008 -30"><span class='ocrx_word' id='word_1_249' title='bbox 309 3625 364 3690; x_wconf 77' lang='lat' dir='ltr'>Ea</span> <span class='ocrx_word' id='word_1_250' title='bbox 380 3628 534 3709; x_wconf 69' lang='lat' dir='ltr'>partibas</span> <span class='ocrx_word' id='word_1_251' title='bbox 558 3630 586 3708; x_wconf 86' lang='grc' dir='ltr'>Ι,</span> <span class='ocrx_word' id='word_1_252' title='bbox 609 3633 681 3697; x_wconf 90' lang='grc'>616.</span> <span class='ocrx_word' id='word_1_253' title='bbox 707 3631 760 3696; x_wconf 89' lang='lat' dir='ltr'>ed.</span> <span class='ocrx_word' id='word_1_254' title='bbox 785 3631 864 3717; x_wconf 89' lang='lat' dir='ltr'>Bip.</span> <span class='ocrx_word' id='word_1_255' title='bbox 881 3634 953 3699; x_wconf 90' lang='grc'>861.</span> <span class='ocrx_word' id='word_1_256' title='bbox 970 3634 1075 3699; x_wconf 89' lang='lat' dir='ltr'>Hunc</span> <span class='ocrx_word' id='word_1_257' title='bbox 1091 3640 1210 3699; x_wconf 78' lang='lat' dir='ltr'>tamen</span> <span class='ocrx_word' id='word_1_258' title='bbox 1224 3634 1339 3719; x_wconf 86' lang='lat' dir='ltr'>proxi-</span> 
     </span>
     <span class='ocr_line' id='line_1_33' title="bbox 205 3733 1340 3820; baseline 0.009 -31"><span class='ocrx_word' id='word_1_259' title='bbox 205 3747 299 3790; x_wconf 90' lang='lat' dir='ltr'>mum</span> <span class='ocrx_word' id='word_1_260' title='bbox 340 3751 478 3795; x_wconf 86' lang='lat' dir='ltr'>versum</span> <span class='ocrx_word' id='word_1_261' title='bbox 514 3733 576 3816; x_wconf 73' lang='lat' dir='ltr'>(Et</span> <span class='ocrx_word' id='word_1_262' title='bbox 612 3752 729 3798; x_wconf 78' lang='grc'>0000</span> <span class='ocrx_word' id='word_1_263' title='bbox 767 3734 962 3819; x_wconf 65' lang='grc'>0050090043</span> <span class='ocrx_word' id='word_1_264' title='bbox 1003 3757 1043 3802; x_wconf 75' lang='lat' dir='ltr'>ex</span> <span class='ocrx_word' id='word_1_265' title='bbox 1075 3735 1229 3819; x_wconf 71' lang='lat' dir='ltr'>partibas</span> <span class='ocrx_word' id='word_1_266' title='bbox 1260 3739 1340 3820; x_wconf 77' lang='lat' dir='ltr'>esse)</span> 
     </span>
     <span class='ocr_line' id='line_1_34' title="bbox 205 3828 1340 3924; baseline 0.009 -31"><span class='ocrx_word' id='word_1_267' title='bbox 205 3828 409 3897; x_wconf 83' lang='lat' dir='ltr'>Lachmann</span> <span class='ocrx_word' id='word_1_268' title='bbox 442 3833 531 3899; x_wconf 78' lang='lat' dir='ltr'>dicit</span> <span class='ocrx_word' id='word_1_269' title='bbox 562 3834 771 3902; x_wconf 88' lang='lat' dir='ltr'>Lambinum</span> <span class='ocrx_word' id='word_1_270' title='bbox 804 3837 940 3904; x_wconf 85' lang='lat' dir='ltr'>fecisse.</span> <span class='ocrx_word' id='word_1_271' title='bbox 996 3840 1097 3918; x_wconf 77' lang='lat' dir='ltr'>Quod</span> <span class='ocrx_word' id='word_1_272' title='bbox 1130 3841 1160 3904; x_wconf 85' lang='lat' dir='ltr'>si</span> <span class='ocrx_word' id='word_1_273' title='bbox 1193 3840 1244 3905; x_wconf 79' lang='lat' dir='ltr'>iia</span> <span class='ocrx_word' id='word_1_274' title='bbox 1277 3846 1340 3924; x_wconf 76' lang='lat' dir='ltr'>esi,</span> 
     </span>
     <span class='ocr_line' id='line_1_35' title="bbox 207 3934 1342 4028; baseline 0.013 -33"><span class='ocrx_word' id='word_1_275' title='bbox 207 3952 283 3996; x_wconf 88' lang='lat' dir='ltr'>oum</span> <span class='ocrx_word' id='word_1_276' title='bbox 330 3934 553 4002; x_wconf 90' lang='lat' dir='ltr'>Lachmanno</span> <span class='ocrx_word' id='word_1_277' title='bbox 599 3942 751 4003; x_wconf 74' lang='lat' dir='ltr'>siaiuere</span> <span class='ocrx_word' id='word_1_278' title='bbox 791 3962 893 4026; x_wconf 87' lang='lat' dir='ltr'>posse</span> <span class='ocrx_word' id='word_1_279' title='bbox 933 3942 1093 4008; x_wconf 84' lang='lat' dir='ltr'>videmur</span> <span class='ocrx_word' id='word_1_280' title='bbox 1133 3964 1149 4008; x_wconf 85' lang='lat' dir='ltr'>e</span> <span class='ocrx_word' id='word_1_281' title='bbox 1191 3943 1342 4028; x_wconf 76' lang='lat' dir='ltr'>partibas</span> 
     </span>
     <span class='ocr_line' id='line_1_36' title="bbox 206 4033 1342 4132; baseline 0.017 -35"><span class='ocrx_word' id='word_1_282' title='bbox 206 4033 444 4103; x_wconf 70' lang='lat' dir='ltr'>Lucretium</span> <span class='ocrx_word' id='word_1_283' title='bbox 477 4041 749 4126; x_wconf 71' lang='lat' dir='ltr'>praecedente</span> <span class='ocrx_word' id='word_1_284' title='bbox 782 4042 959 4109; x_wconf 75' lang='lat' dir='ltr'>s-liiicra</span> <span class='ocrx_word' id='word_1_285' title='bbox 988 4068 1144 4132; x_wconf 89' lang='lat' dir='ltr'>semper</span> <span class='ocrx_word' id='word_1_286' title='bbox 1174 4046 1342 4116; x_wconf 83' lang='lat' dir='ltr'>dixisse.</span> 
     </span>
    </p>
   </div>
   <div class='ocr_carea' id='block_1_5' title="bbox 308 4277 1170 4357">
    <p class='ocr_par' dir='ltr' id='par_1_13' title="bbox 308 4277 1170 4357">
     <span class='ocr_line' id='line_1_37' title="bbox 308 4277 1170 4357; baseline 0.014 -28"><span class='ocrx_word' id='word_1_287' title='bbox 308 4277 329 4342; x_wconf 88' lang='lat'>¹)</span> <span class='ocrx_word' id='word_1_288' title='bbox 348 4277 488 4346; x_wconf 85' lang='lat' dir='ltr'>Syntaxis</span> <span class='ocrx_word' id='word_1_289' title='bbox 506 4278 682 4334; x_wconf 80' lang='lat' dir='ltr'>Lucretiane</span> <span class='ocrx_word' id='word_1_290' title='bbox 700 4281 886 4354; x_wconf 79' lang='lat' dir='ltr'>lineamenta,</span> <span class='ocrx_word' id='word_1_291' title='bbox 905 4283 985 4355; x_wconf 84' lang='lat' dir='ltr'>Lips.</span> <span class='ocrx_word' id='word_1_292' title='bbox 1004 4286 1080 4353; x_wconf 87' lang='grc'>1868,</span> <span class='ocrx_word' id='word_1_293' title='bbox 1098 4303 1124 4357; x_wconf 92' lang='lat' dir='ltr'>p.</span> <span class='ocrx_word' id='word_1_294' title='bbox 1145 4287 1170 4342; x_wconf 88' lang='lat'>9.</span> 
     </span>
    </p>
   </div>
   <div class='ocr_carea' id='block_1_6' title="bbox 0 0 1601 4944">
    <p class='ocr_par' dir='ltr' id='par_1_14' title="bbox 0 0 1601 4944">
     <span class='ocr_line' id='line_1_38' title="bbox 0 0 1601 4944; baseline 0 0"><span class='ocrx_word' id='word_1_295' title='bbox 0 0 1601 4944; x_wconf 95' lang='lat' dir='ltr'> </span> 
     </span>
    </p>
   </div>
  </div>
 </body>
</html>
