3188 4944
647 524 692 605 11.
744 526 802 606 De
829 526 1025 622 tempore

266 712 414 798 eogitari
449 712 543 794 lieet,
579 733 790 797 quamquam
824 711 913 777 looi
947 731 1069 775 sensus
1101 709 1309 796 premendus
1332 716 1394 788 est,

265 816 327 899 IV,
359 818 420 882 537
448 821 640 902 perpetuus
665 836 775 880 sermo
798 814 914 901 nigrai
935 812 1038 880 noctis
1060 812 1103 878 od
1125 811 1273 878 uiuorum
1296 833 1399 878 auro-

265 938 324 981 rae
345 916 536 1004 perductus
561 917 604 982 ab
630 917 808 983 exoriente
831 917 954 982 nitore.

369 1019 530 1098 „Dicitur
562 1021 605 1086 de
638 1041 679 1085 eo
707 1027 860 1106 tempore
883 1018 978 1104 quod
999 1039 1068 1083 non
1093 1023 1251 1083 aeeurate
1275 1016 1397 1083 defini·

267 1127 334 1199 tur,
358 1121 418 1186 sed
441 1127 578 1187 tantum
601 1145 644 1187 ex
665 1122 926 1209 propinquitate
949 1120 1097 1186 alieuius
1121 1120 1207 1185 eerti
1231 1120 1398 1185 momenti

268 1222 543 1310 designatur“²):
574 1226 635 1303 VI,
665 1228 748 1293 1192
770 1225 853 1289 item
877 1224 920 1290 od
941 1245 1126 1308 supremum
1149 1222 1299 1308 denique
1322 1230 1398 1288 tem-

261 1347 328 1409 pos
350 1347 555 1412 conpressae
577 1348 689 1392 nares,

582 1515 645 1596 111.
699 1515 1000 1615 comparativa
1021 1515 1087 1595 vis

268 1685 311 1752 ad
350 1685 618 1771 praepositionis
653 1709 696 1751 ex
737 1686 843 1752 loeali
881 1691 1012 1752 status
1046 1684 1302 1770 significatione
1337 1707 1396 1750 ex-

268 1788 369 1854 stitit.
424 1787 584 1872 Namque
625 1788 662 1853 id
707 1789 801 1874 quod
842 1810 921 1853 eum
964 1788 1080 1873 aliqua
1112 1791 1165 1853 re‘
1179 1794 1398 1874 eomparatur

268 1889 375 1977 apud
397 1889 486 1955 hano
508 1912 581 1956 rem
605 1913 695 1956 esee
710 1891 923 1957 veliaoere
940 1891 1124 1978 cogitatur.
1159 1891 1395 1956 Transitum

267 2015 311 2058 ex
342 1993 446 2058 locali
477 1992 735 2078 significatione
769 1993 881 2081 aperit
909 1996 955 2073 ΙΙ,
982 1996 1043 2061 135
1065 2000 1100 2058 01
1124 1993 1223 2078 quasi
1238 1994 1394 2077 proximo

268 2101 351 2160 0001
372 2097 415 2162 od
437 2095 519 2160 viris
540 2097 803 2183 principiorum.

371 2198 650 2285 Comparationis
684 2201 738 2265 vis
772 2200 933 2286 plenior
965 2206 1033 2265 est:
1057 2200 1118 2276 VI,
1143 2202 1204 2266 613
1227 2200 1270 2267 od
1291 2200 1395 2265 maris

268 2301 384 2365 omnia
406 2322 563 2368 summam
585 2302 645 2367 vix
667 2302 778 2368 instar
799 2309 901 2368 erunt
916 2301 1020 2368 unius
1036 2303 1238 2387 adaugmen.
1256 2301 1315 2382 VI,
1332 2305 1396 2371 679

265 2403 317 2468 011
340 2404 411 2469 0101
433 2405 477 2471 ud
499 2426 658 2472 summum
681 2407 826 2472 summai
849 2406 958 2473 totius
982 2426 1129 2472 omnem,

523 2594 587 2675 IV.
639 2594 749 2688 „Ar‘
774 2629 826 2662 =
854 2596 1145 2690 ‚‚seeundum“.

370 2763 473 2828 Hane
507 2785 644 2850 quoque
678 2765 971 2851 significationem
1003 2789 1023 2831 0
1055 2764 1327 2840 100011010100
1350 2763 1396 2828 01-

266 2866 492 2951 gnificatione
527 2872 637 2932 ortam
673 2889 747 2932 esse
770 2867 923 2934 dilucide
946 2874 1088 2955 apparet
1110 2889 1152 2932 ex
1174 2868 1220 2944 ΙΙ,
1244 2869 1309 2934 379
1336 2886 1397 2930 ne·

267 2990 333 3053 que
358 2967 448 3051 facto
477 2989 583 3034 manu
606 2976 687 3034 sunt
710 2970 813 3036 unius
836 2972 879 3037 od
900 2976 1021 3038 eertum
1042 2970 1182 3053 formam
1203 2968 1394 3056 primordia

267 3092 391 3152 rerum,
426 3093 495 3158 quo
524 3072 562 3137 in
585 3073 743 3160 exemplo
766 3072 847 3138 1001
870 3073 1081 3160 significatio
1104 3073 1253 3138 maxime
1275 3071 1397 3137 elucet.

268 3209 309 3220 -
331 3173 502 3240 Looalis
525 3175 589 3241 vis
612 3176 681 3241 iam
705 3176 924 3242 obseurata
945 3183 1011 3242 est:
1035 3178 1101 3256 III,
1119 3179 1182 3242 144
1197 3196 1322 3262 eorpus
1336 3195 1399 3261 pa-

266 3280 320 3340 ret
342 3281 377 3340 et
399 3277 441 3342 od
462 3297 587 3345 0001011
609 3279 735 3344 mentis
757 3285 962 3366 momenque
986 3284 1130 3346 movetur
1156 3281 1203 3346 IL
1220 3281 1281 3346 281
1299 3277 1396 3342 euius

267 3378 311 3444 od
343 3377 518 3444 arbitrium
552 3403 689 3467 quoque
724 3383 825 3468 eopia
857 3382 1017 3448 materiai
1040 3382 1177 3468 cogitur
1197 3381 1289 3446 inter
1312 3379 1394 3444 dum

266 3481 381 3558 flecti„
414 3483 478 3569 IV,
508 3485 569 3552 361
603 3484 645 3549 fit
673 3486 773 3570 quasi
796 3496 836 3550 01
858 3486 901 3552 od
923 3490 1056 3552 toruum
1078 3505 1239 3550 saxorum
1262 3488 1395 3548 structa

268 3591 416 3650 tuemur.

602 3775 648 3856 V.
699 3776 809 3872 ‚‚Ad“
835 3782 1072 3878 respectus.

369 3948 402 4012 A
434 3946 539 4014 looali
572 3953 703 4014 motus
737 3948 991 4035 significatione
1024 3945 1194 4012 transitur
1215 3945 1260 4011 ad
1283 3943 1397 4030 expri-

267 4049 431 4115 mendum
452 4073 554 4116 usum
575 4051 633 4116 vel
655 4051 701 4132 id,
726 4051 824 4117 00100
845 4052 981 4116 ratione
1002 4048 1121 4115 habita
1146 4048 1281 4134 aliquid
1297 4047 1399 4112 adfir-

370 4256 393 4324 ι)
412 4255 510 4310 Verba
527 4261 596 4310 sunt
614 4255 760 4326 Raudii,
779 4257 863 4310 Ture.
882 4255 905 4326 Ι,
924 4273 950 4327 p.
969 4255 1012 4310 90.
