3188 4944
306 341 349 406 44

367 528 434 593 His
456 527 656 592 adnumero
690 525 750 598 VI.
781 528 840 593 761
866 527 1040 610 atquibus
1062 547 1077 592 e
1100 526 1189 592 fiant
1210 527 1318 595 causis
1341 547 1398 612 ap-

264 635 364 717 paret
397 630 504 715 origo.
548 628 751 695 Lachmann
783 634 925 715 propter
956 629 1199 695 traiectionem
1223 629 1397 715 praeposi·

265 733 371 798 tionis
406 755 426 796 a
457 732 588 798 tradita
604 732 794 823 ¹scriptura
816 731 1006 796 abhorrens
1029 738 1091 797 aut
1113 731 1255 797 Marulli
1278 737 1308 796 et
1329 730 1398 813 qui-

265 835 323 901 bus
364 857 379 900 e
419 835 526 901 causis
562 834 648 916 fiant
679 834 928 920 recipiendum,
962 842 1024 900 aut
1057 856 1101 899 ex
1134 834 1336 899 coniectura
1369 838 1400 899 et

265 937 381 1024 quibus
413 936 531 1021 efflant
563 937 671 1003 causis
693 936 864 1002 edendum
887 959 962 1001 esse
986 938 1129 1002 censuit.
1174 936 1285 1022 Atqui
1307 936 1399 1001 nihil

264 1062 405 1127 prorsus
433 1061 518 1116 esse,
540 1038 636 1124 quod
658 1037 724 1103 hac
747 1038 977 1104 collocatione
999 1039 1270 1125 praepositionis
1293 1038 1399 1104 offen-

266 1143 434 1216 deremur,
468 1143 574 1207 immo
608 1141 717 1206 inter
751 1141 1002 1207 adiectivum
1026 1148 1066 1206 et
1087 1141 1399 1208 substantivum

265 1245 435 1332 primum
457 1243 819 1330 praepositionem,
840 1243 988 1309 deinde
1013 1244 1137 1308 alium
1159 1243 1331 1309 verbum
1353 1242 1399 1307 li·

265 1347 410 1412 benter
443 1368 594 1433 ponere
628 1348 868 1412 Lucretium
905 1347 1072 1432 exemplis
1095 1347 1306 1412 enumeratis
1329 1347 1398 1411 iam

264 1449 617 1536 Winekelmann1)
646 1449 775 1514 docuit.
820 1448 975 1531 Quorum
998 1437 1141 1534 quidem'
1163 1448 1400 1536 exemplorum

247 1567 474 1638 'quamquam
506 1552 656 1639 plurima
680 1551 850 1616 eiusmodi
873 1557 964 1628 sunt,
987 1563 1028 1616 ut
1051 1559 1111 1617 aut
1134 1553 1260 1618 dubiae
1284 1574 1400 1617 emen-

266 1656 400 1721 dationi
442 1662 505 1721 aut
550 1654 703 1719 metricis
746 1653 850 1720 rebus
894 1654 1005 1719 tribui
1048 1655 1196 1740 possint,
1240 1676 1310 1720 uno
1348 1661 1400 1719 ta-

262 1747 345 1824 men
377 1758 454 1823 loco
486 1758 528 1842 V,
564 1760 625 1825 501
661 1758 863 1844 corporibus
897 1757 1041 1842 liquidis
1068 1765 1151 1823 sunt
1174 1758 1290 1824 omnia
1311 1778 1401 1844 pura

266 1861 387 1926 relicta
410 1868 446 1924 et
467 1859 599 1925 leviora
623 1861 702 1925 aliis
726 1860 804 1943 alia,
828 1867 862 1925 et
884 1861 1142 1947 liquidissimus
1165 1860 1287 1927 aether
1302 1865 1399 1946 utque

267 1963 448 2035 leuissimus
477 1962 586 2029 aerios
608 1963 978 2048 superinducamus,
1002 1964 1135 2029 nullam
1157 1964 1309 2029 valuisse
1331 1987 1400 2030 me-

266 2067 390 2131 tricam.
419 2086 500 2143 rem,
523 2066 584 2130 vix
607 2073 660 2129 est
683 2064 776 2151 quod
797 2087 965 2132 moneam.
1009 2067 1109 2132 Nihil
1132 2067 1226 2132 enim
1249 2068 1399 2147 obstitit,

268 2169 451 2254 quominus
481 2173 578 2255 utque
601 2169 779 2234 levissimus
800 2169 918 2252 influit
939 2170 1049 2237 uerius
1070 2192 1168 2254 snper
1190 2191 1294 2237 auras
1316 2172 1399 2236 scri-

266 2272 364 2337 beret
385 2279 498 2358 poeta.
857 2259 858 2262 Ἴ

368 2375 468 2453 Quod
484 2398 562 2440 cum
576 2377 627 2441 ita
641 2377 698 2457 sit,
715 2375 923 2461 scripturam
934 2376 1051 2461 recepi
1063 2375 1355 2456 Winckelmanni,
1368 2375 1393 2458 ²)

267 2477 400 2541 Handii
411 2479 436 2561 ³)
459 2478 504 2560 V,
526 2481 588 2545 703
612 2484 699 2544 certo
721 2479 758 2544 do
780 2499 911 2562 surpere
925 2483 1024 2560 parte
1047 2478 1284 2544 scribentium.
1308 2476 1397 2556 Quid

270 2579 302 2643 h.
334 2579 357 2644 1.
381 2579 520 2644 codices
543 2581 733 2667 praebeant
754 2582 883 2659 nescio,
907 2603 986 2646 cum
1007 2581 1219 2666 Lachmann,
1242 2583 1399 2666 Bernaye

266 2681 396 2766 aliique
429 2681 580 2747 editores
608 2683 707 2748 nulla
736 2683 894 2749 codicum
915 2685 1093 2750 mentione
1116 2685 1210 2750 facta
1235 2684 1399 2751 certaue-

266 2805 395 2869 surpere
412 2789 510 2867 porte
533 2785 716 2851 ediderint.

368 2887 410 2955 In
442 2887 719 2952 instrumento
754 2888 979 2974 exprimendo
1009 2888 1163 2975 positum
1185 2897 1239 2955 est
1261 2911 1316 2955 ex:
1338 2889 1398 2975 VI,
1431 2883 1436 2895 “

269 2992 351 3057 1012
386 3010 453 3074 quo
481 2991 595 3056 minus
619 2998 673 3054 est
693 2991 830 3072 mirum,
854 3013 921 3075 quo
946 2991 1087 3057 ducitur
1110 3013 1149 3057 er
1170 2992 1336 3058 clementis
1358 3031 1399 3040 —

267 3093 351 3176 quin
374 3092 499 3157 anulus
522 3093 597 3180 ipse
621 3101 794 3177 sequatur.
807 3093 833 3180 4)
897 3155 899 3159 .

427 3333 472 3414 V.
524 3333 633 3428 ,‚Ex“
658 3335 911 3434 partitivam
937 3336 1069 3417 habet
1094 3337 1192 3417 vim.
1210 3337 1243 3436 ⁵)

369 3533 523 3597 Primum
556 3533 674 3598 adfero
708 3533 772 3610 ΙΙΙ,
797 3537 859 3601 718
885 3534 940 3600 sin
962 3535 1013 3600 ita
1035 3536 1170 3600 sincera
1194 3557 1212 3599 e
1235 3535 1398 3602 membris

267 3635 383 3700 ablata
415 3635 584 3722 profugit,
617 3642 657 3701 ut
679 3637 792 3704 nullus
818 3641 930 3720 partis
961 3638 1000 3702 in
1030 3659 1172 3724 corpore
1194 3638 1339 3724 liquerit
1360 3659 1398 3704 ex

266 3758 306 3816 se,
340 3737 403 3801 ubi
439 3737 486 3801 de
508 3737 599 3802 loco
621 3739 768 3804 fortasse
793 3741 1017 3826 cogitandum
1040 3748 1102 3806 est.
1148 3740 1193 3819 II,
1221 3744 1284 3809 693
1310 3741 1398 3808 nulli

369 3910 389 3976 1)
407 3908 498 3962 Beitr.
518 3926 571 3962 zur
588 3909 666 3963 Krit.
685 3910 737 3963 des
755 3910 916 3981 Lucretius,
935 3929 963 3980 p.
981 3915 1006 3966 4.

368 3995 390 4061 ²)
407 3992 499 4048 Beitr.
517 4011 571 4047 zur
589 3994 666 4047 Krit.
685 3995 711 4048 d.
730 3995 816 4049 Lucr.
834 4013 862 4064 p.
880 3998 904 4046 4.

371 4079 393 4145 ³)
411 4078 533 4148 Tursell,
552 4096 579 4149 p.

366 4165 389 4232 t)
407 4163 451 4216 De
469 4163 496 4216 h.
515 4164 534 4216 l.
552 4165 611 4218 vid.
629 4165 799 4219 Lachmann
818 4165 924 4221 Comm.

368 4250 389 4318 ⁵)
407 4248 459 4302 cfr
485 4248 712 4320 Kampmann,
731 4269 758 4322 p.
777 4253 818 4323 14,
838 4259 867 4306 et
884 4253 1019 4318 Holtze,
1037 4253 1119 4322 Synt.
1137 4253 1223 4308 Lucr.
1242 4253 1290 4309 lin.
1309 4270 1336 4324 p.
1355 4255 1396 4308 64.
