3188 4944
279 249 321 314 20

240 435 431 518 appelletur.
454 433 514 516 IV,
538 436 602 501 934
624 434 764 500 tundier
786 441 891 522 atque
914 435 1047 502 alitus
1070 436 1190 502 crebro
1199 437 1371 521 pulsarier

240 540 285 605 lot
312 586 318 600 .
342 576 385 587 —

338 641 417 708 Uno
440 640 515 706 loco
538 639 750 707 Lucretiano
775 641 848 725 (IV,
871 645 946 709 591:
970 640 1047 706 loca
1068 641 1194 708 deserto
1216 643 1256 708 ut
1271 643 1370 725 divis)

236 743 276 810 ub
308 743 402 808 haud
435 743 602 808 inusitate
633 765 723 808 cum
751 744 925 809 nomino
955 743 1171 810 hominem
1204 746 1369 832 signifi-

236 853 356 912 cante
380 847 604 912 coniunctum
631 852 685 912 661
716 848 885 938 (egens).
910 885 951 895 -—

338 950 413 1014 Iam
445 969 528 1013 vero
558 969 676 1013 eorum
699 948 935 1035 exemplorum
961 970 1086 1034 agmen
1109 949 1307 1034 producam,
1330 950 1367 1014 in

232 1051 361 1138 quibus
385 1051 424 1118 ab
447 1074 511 1137 „ex
532 1051 651 1117 verbis
673 1052 825 1139 passivis
847 1050 906 1116 vel
930 1051 1166 1117 intransitivis
1188 1052 1266 1118 loco
1290 1075 1367 1139 pas·

232 1155 386 1220 sivorum
422 1154 545 1242 positis
583 1155 738 1242 pendens
774 1177 914 1221 rerum
947 1155 1148 1220 nominibus
1181 1178 1244 1242 pro
1279 1155 1366 1221 solo

232 1257 436 1323 ablativo
461 1256 620 1323 additum
645 1261 766 1340 est“.¹)
893 1334 895 1339 ¹

333 1360 386 1424 Ao
419 1359 568 1446 primum
592 1360 733 1446 quidem
754 1361 781 1438 Ι,
803 1363 867 1427 813
900 1361 1110 1442 (adiutamur
1143 1361 1236 1425 enim
1258 1359 1364 1427 dubio

228 1461 351 1548 procul
373 1467 470 1546 utque
492 1462 615 1529 alimur
638 1467 717 1549 nos)
741 1465 835 1530 certis
858 1463 898 1531 ob
921 1463 1015 1530 relus
1037 1486 1115 1528 cum
1137 1463 1226 1528 dicit
1248 1471 1362 1550 poeta,

230 1564 388 1630 consulto
421 1587 502 1629 eum
539 1565 579 1631 ol
611 1566 869 1654 praepositione
902 1567 957 1631 uti
990 1565 1197 1652 putaverim,
1234 1571 1273 1629 ut
1307 1587 1363 1629 res

229 1689 377 1753 persona
407 1667 574 1733 induatur
602 1674 637 1732 et
658 1667 793 1754 aliquid
815 1690 916 1754 agero
941 1666 1087 1750 dicatur,
1115 1667 1227 1732 instar
1254 1667 1360 1732 homi·

228 1770 284 1834 nis
318 1770 462 1836 arbitrio
494 1772 643 1855 agentis.
698 1771 832 1836 Dubito
865 1771 960 1836 enim
995 1770 1147 1835 fueritne
1179 1770 1362 1835 Lucretius

144 1947 146 1952 ¹
228 1872 375 1938 verbum
398 1872 500 1959 quale
523 1880 577 1938 est
598 1874 792 1940 adiutamur
807 1879 1037 1960 usurpaturus
1059 1875 1187 1959 (neque
1206 1871 1292 1937 alibi
1307 1894 1363 1938 us·

230 1996 334 2059 quam
367 1975 461 2062 apud
487 1976 692 2043 Lucretium
718 1976 784 2042 hoc
806 1977 950 2042 verbum
973 1997 1044 2040 una
1066 1997 1145 2040 cum
1167 1974 1228 2041 illo
1252 1974 1360 2040 altero

229 2077 314 2144 olere
349 2079 510 2159 occurrit,
546 2079 621 2146 sed.
640 2102 775 2166 semper
808 2100 934 2165 cupere,
969 2083 1117 2160 6661666,
1151 2079 1213 2144 cfr.
1236 2078 1263 2157 I,
1288 2081 1359 2146 859.

228 2181 271 2265 V,
304 2183 378 2249 322.
406 2181 467 2262 VI,
500 2183 573 2249 946.
608 2181 635 2267 Ι,
670 2184 721 2259 56,
756 2185 829 2250 229.
865 2183 905 2267 V,
930 2184 1015 2266 220),
1039 2181 1109 2245 nisi
1132 2181 1227 2247 certis
1249 2180 1288 2247 ub
1311 2202 1360 2246 re·

229 2283 287 2350 lus
323 2307 384 2369 per
420 2286 709 2371 prosopopoeiam
740 2307 804 2372 pro
837 2284 995 2371 personis
1031 2283 1144 2370 accipi
1181 2284 1353 2349 voluisset.

228 2425 270 2436 -
301 2389 391 2453 Item
421 2387 627 2474 explicanda
650 2410 725 2453 esse
748 2409 885 2452 censeo:
915 2388 958 2465 V,
982 2390 1044 2453 306
1079 2386 1201 2469 lapides
1223 2406 1354 2472 quoque

226 2491 315 2555 eluci
349 2491 461 2556 cernis
495 2489 534 2555 ul
566 2510 652 2555 occo.
697 2490 763 2568 ΙΠ,
797 2493 859 2557 429
893 2491 978 2576 (iam
1010 2488 1113 2574 longe
1146 2488 1356 2571 mobilitate)

226 2600 383 2680 praestat
405 2598 440 2659 et
462 2613 483 2660 a
507 2595 600 2659 tenui
614 2614 715 2660 66666
736 2593 849 2680 magis
865 2593 936 2658 icta
952 2596 1097 2658 moretur
1112 2592 1200 2673 (scil.
1220 2592 1359 2671 anima).

226 2697 286 2770 VI,
311 2699 394 2764 1079
419 2696 560 2782 acrique
584 2719 642 2762 aes
658 2695 791 2782 plumbo
813 2696 853 2761 fit
876 2696 930 2761 uti
952 2697 1115 2780 turpatur
1136 2694 1176 2761 ab
1201 2694 1281 2761 ullo.
1297 2693 1357 2777 VI,

227 2803 289 2867 105
322 2822 404 2865 nam
437 2799 559 2865 cadere
593 2799 633 2866 cb
661 2799 754 2866 bruto
787 2799 956 2865 deberent
970 2799 1114 2882 pondere
1130 2819 1262 2881 pressae
1286 2802 1361 2879 (nu-

226 2903 310 2986 bes).
333 2903 378 2979 ΙΙ,
402 2905 443 2969 99
466 2924 546 2988 pars
570 2902 676 2967 etiam
702 2901 864 2968 brevibus
890 2901 1014 2988 spatiis
1036 2904 1203 2966 66666166
1225 2900 1265 2967 ub
1282 2900 1359 2965 loto.

224 3006 266 3083 V,
291 3006 354 3071 358
379 3005 471 3090 quod
491 3011 610 3070 manet
635 3005 804 3071 intactum
820 3023 924 3090 neque
940 3003 980 3070 ab
993 3007 1062 3070 ictu
1075 3004 1232 3089 fuupllur
1246 3002 1360 3069 hilum.

225 3109 290 3189 III,
334 3109 398 3175 323
441 3107 527 3182 haec
559 3106 670 3193 igitur
702 3112 829 3171 natura
863 3111 994 3173 terretur
1027 3128 1155 3191 corpore
1191 3107 1231 3173 ol
1265 3104 1358 3170 omui.

227 3211 289 3276 cfr
310 3210 377 3292 ΙΠ,
400 3211 474 3277 561.
498 3248 538 3257 -

328 3312 428 3392 Quod
462 3333 543 3377 vero
578 3311 622 3378 ed
654 3312 696 3392 V,
724 3315 788 3380 300
810 3321 936 3398 (usque
960 3313 1046 3378 adeo
1068 3316 1300 3400 properanter
1320 3309 1360 3374 al

224 3416 371 3482 omullus
392 3415 523 3501 tyrellus
545 3417 578 3481 ei
599 3415 742 3481 exitium
765 3416 870 3482 celeri
892 3415 1020 3483 celatur
1042 3416 1193 3502 origine)
1221 3413 1357 3490 attinet,

225 3526 278 3584 est
310 3518 347 3584 id
370 3540 509 3604 quoque
530 3517 600 3583 huc
623 3518 852 3584 referendum.
884 3517 1046 3583 Staedler
1071 3516 1266 3603 aliquibus
1297 3536 1359 3602 pro

222 3623 352 3706 tyrium
386 3628 421 3688 61
461 3623 490 3687 el
533 3642 596 3708 pro
632 3642 654 3688 6
688 3623 756 3687 lucc
797 3642 868 3686 non
906 3627 1000 3687 recte
1041 3621 1194 3708 acceptis
1238 3620 1360 3686 obscu-

221 3726 348 3791 riorem
391 3725 575 3790 verborum
613 3724 909 3790 constructionem
941 3723 999 3790 hio
1029 3723 1255 3789 statuendam
1285 3743 1359 3788 6666

223 3834 351 3894 censet.
419 3826 527 3893 Nulla
559 3833 677 3892 tamen
710 3827 768 3893 hic
799 3826 916 3893 locum
950 3827 1057 3892 habet
1090 3825 1295 3910 obscuritas,
1331 3825 1360 3888 si

223 3930 289 3996 hoc
312 3954 332 3997 6
354 3930 518 3996 Lucretio
541 3928 676 3994 dictum
696 3936 913 4017 reputamus:
936 3929 1010 3994 lux
1031 3950 1113 3994 non
1135 3929 1362 3994 interrum-

223 4033 354 4120 pitur:
388 4053 516 4117 usque
551 4031 654 4097 adeo
684 4038 969 4119 properanter
991 4052 1130 4096 omnes
1153 4031 1276 4119 ignes
1301 4052 1362 4095 oe·

325 4274 346 4340 ¹)
381 4271 432 4326 016
449 4271 612 4326 Roessne
623 4289 645 4339 r,
664 4287 710 4341 pp.
729 4271 762 4323 23
780 4287 843 4339 sqq.
862 4286 894 4322 66
907 4274 1060 4338 praeterea
1073 4268 1191 4335 Hand,
1207 4271 1226 4339 I,
1240 4287 1269 4340 p.
1286 4272 1327 4324 27.
