3188 4944
1239 353 1281 419 25

192 543 347 609 cretiana
370 539 574 626 disputavit,
598 539 663 605 hoc
686 539 883 626 exemplum
902 538 1173 625 haudquaquam
1188 539 1325 605 minimi

191 644 357 713 momenti
379 643 483 728 fugit.
505 681 548 692 —
568 643 646 708 Hoc
660 642 770 728 igitur
783 642 941 728 exemplo
958 643 1108 708 colorem
1122 641 1324 708 Lucretiani

193 744 360 812 sermonis
395 741 533 828 egregie
567 740 752 816 exhibente
786 742 906 827 opinio
939 743 1152 829 pervertitur
1177 745 1325 810 Roess·

193 847 318 934 neri¹)
335 845 429 911 huno
449 866 550 910 usum
573 844 614 910 ab
635 844 905 930 praepositionis
927 844 1094 911 Varronis
1117 845 1224 912 solius
1247 866 1324 932 pro·

193 952 306 1038 prium
330 970 406 1014 asse
429 947 590 1012 dicentis.
614 985 656 996 -

212 1093 218 1104 ·
295 1051 374 1118 Uno
404 1050 481 1116 loco
514 1049 724 1115 Lucretiano
746 1050 786 1116 ab
810 1050 1068 1137 praepositione
1092 1072 1197 1116 causa
1218 1049 1327 1137 signi·

194 1155 327 1231 ficetur,
361 1175 450 1239 quae
484 1153 527 1219 ab
551 1152 666 1218 animo
689 1152 923 1240 proficiscitur
935 1155 975 1236 ²):
999 1154 1064 1233 111,
1088 1155 1129 1222 74
1152 1152 1326 1219 consimili
1365 1236 1369 1244 1

194 1257 340 1324 ratione
363 1255 403 1322 ab
435 1255 540 1321 eodem
570 1273 671 1341 saepe
706 1255 817 1320 timore
849 1262 1002 1320 macerat
1022 1255 1168 1322 invidia.
1192 1294 1233 1304 -
1256 1255 1326 1320 Hic

195 1382 278 1425 usus
311 1360 442 1425 idcirco
474 1357 710 1424 memorabilis
742 1367 804 1437 est,
829 1357 922 1444 quod
955 1358 1074 1444 priscis
1097 1357 1325 1444 scriptoribus

195 1464 347 1549 ignotus,
359 1460 454 1549 apud
470 1460 649 1526 Ciceronis
665 1460 828 1544 aequales
844 1467 897 1524 ter
911 1459 1090 1525 invenitur
1106 1461 1212 1547 (apud
1226 1461 1323 1527 Varr.
1349 1452 1352 1460 ’

195 1588 221 1632 r.
256 1587 282 1630 r.
315 1565 343 1649 Ι,
367 1567 399 1641 2,
423 1565 473 1629 19.
497 1562 520 1626 l.
542 1561 565 1626 1.
588 1562 648 1646 VI,
675 1565 724 1644 14;
748 1561 784 1626 in
809 1583 862 1649 ep.
885 1561 987 1626 Balb.
1012 1584 1065 1651 ap.
1089 1564 1160 1629 Cic.
1183 1561 1228 1628 ad
1249 1561 1325 1627 Att.

196 1672 226 1736 9.
261 1671 278 1735 7
305 1667 346 1745 Β,
371 1668 406 1752 3)
440 1674 475 1730 et
510 1687 530 1731 a
562 1663 666 1732 Livio
699 1664 886 1731 admodum
908 1666 1152 1750 frequentatus
1174 1671 1236 1731 est.
1259 1665 1325 1730 Ac-

197 1771 325 1838 cedunt
347 1769 443 1835 Ourt.
466 1769 508 1849 V,
531 1769 562 1847 4,
588 1772 616 1850 ¹3
639 1767 720 1834 Tac.
744 1767 825 1834 hist.
847 1767 908 1852 IV,
933 1770 984 1850 725
1008 1767 1070 1836 Sil.
1085 1768 1164 1835 Ital.
1181 1767 1242 1855 qui
1257 1768 1327 1833 for-

197 1874 327 1940 mulam
349 1872 389 1940 ub
411 1873 466 1939 ira
488 1869 641 1938 adhibet.
654 1873 680 1957 ³)
703 1910 744 1920 -

584 2407 818 2506 ceput
845 2408 944 2488 Π.

731 2613 801 2693 De.

304 2783 466 2870 Separari
499 2783 632 2868 aliquid
656 2783 699 2849 ab
723 2783 841 2869 aliqua
873 2805 919 2867 re,
956 2803 1104 2868 quacum
1127 2784 1227 2869 quasi
1251 2805 1330 2850 oon-

201 2886 319 2952 iuncta
330 2887 449 2969 suerit,
466 2886 760 2972 significationem
782 2885 983 2973 primariam
1005 2907 1080 2950 esse
1104 2885 1207 2951 huius
1232 2908 1330 2974 prae·

200 2989 386 3076 positionis
408 2989 666 3056 Heidtmann
688 2989 809 3055 docuit
832 2989 870 3055 in
891 2987 1098 3053 Zeitschrift
1112 2988 1137 3053 f.
1154 2988 1227 3054 Ait.
1244 2991 1328 3059 1846

200 3113 233 3177 p.
261 3093 323 3158 865
357 3113 432 3178 sqq.
442 3091 478 3179 ⁴).
524 3091 599 3170 Qua
631 3091 838 3177 quidemex
861 3090 1118 3178 significatione
1142 3091 1260 3158 nescio
1283 3113 1330 3158 an

201 3193 299 3258 notio
321 3200 436 3260 motus
460 3193 654 3261 deorsum
676 3195 727 3262 ita
750 3203 826 3261 orta
848 3195 905 3274 sit,
928 3200 968 3259 ut
989 3193 1027 3259 id
1043 3194 1136 3280 quod
1151 3194 1195 3260 de
1211 3195 1328 3281 aliqua

199 3318 237 3361 re
259 3295 474 3383 depromitur
496 3297 599 3363 facile
616 3295 867 3383 quodammodo
887 3297 1075 3363 deorsum
1091 3297 1177 3363 ferri
1200 3299 1330 3384 cogite·

200 3405 266 3464 tur.
312 3397 381 3464 Sed
414 3406 530 3466 motus
553 3400 754 3466 deorsum
780 3399 854 3466 fieri
882 3407 957 3465 tum
982 3421 1120 3486 quoque
1144 3399 1329 3488 cogitatur,

201 3521 279 3565 cum
303 3501 436 3586 aliquid
459 3502 508 3567 ad
530 3502 718 3589 aliquam
752 3525 834 3568 rem
863 3503 995 3570 moveri
1018 3502 1159 3569 dicitur.
1203 3503 1258 3569 Ita
1280 3503 1331 3588 fit,

304 3708 324 3775 ¹)
359 3707 551 3776 Roessner‚
569 3725 597 3778 p.
616 3708 657 3775 26,
675 3708 762 3762 infra.

303 3810 324 3876 ²)
342 3809 538 3879 Roessner,
563 3828 591 3882 p.
609 3813 651 3879 27,
669 3810 829 3866 Schnralz
848 3810 879 3864 in
903 3810 1039 3865 Muelleri
1058 3811 1173 3865 Handb.
1192 3811 1219 3864 d.
1238 3810 1327 3864 klass.

202 3892 467 3950 Alterthumswiss.
485 3895 532 3949 Bd
549 3895 589 3965 11,
607 3913 634 3966 p.
652 3895 712 3949 449.

304 3999 325 4065 ⁸)
360 3998 427 4053 Vid.
444 3999 639 4067 Roesener‚
657 4015 685 4070 p.
703 3999 744 4064 27,
763 4003 778 4064 ξ
798 3998 838 4051 18.

304 4103 325 4171 ⁴)
351 4102 419 4156 Vid.
449 4102 595 4171 Holtze,
615 4103 698 4173 Synt.
717 4101 805 4173 prisc.
825 4100 923 4170 script.
942 4099 1024 4154 latin.
1042 4117 1137 4170 usque
1155 4102 1192 4155 ad
1211 4102 1328 4156 Terent.

200 4203 228 4258 p.
255 4189 296 4241 54.
333 4187 383 4241 cu·
409 4194 562 4258 praeterea
588 4187 704 4254 Hand,
731 4187 856 4241 Turseli.
884 4186 923 4251 II,
951 4186 1059 4256 p.184.
1097 4187 1332 4258 Kampmann,

202 4272 238 4326 de
255 4273 305 4327 De
324 4280 354 4326 et
371 4271 422 4327 Ex
434 4289 555 4343 praepp.
575 4290 630 4327 usu
653 4273 789 4328 Plautino
807 4290 836 4344 p.
854 4273 878 4326 1.
