3188 4944
1228 277 1270 341 29

181 466 306 533 nibus
334 463 464 546 loeis,
502 461 651 546 quibus
687 482 762 546 per
792 470 965 524 metrum
1003 460 1172 544 liceret,
1200 482 1315 548 prae·

182 567 442 659 positionem
471 564 733 646 omitteret1).

284 687 335 772 bb)
360 687 412 752 De
436 689 535 749 motu
567 682 776 752 deorsum:
800 681 860 766 VI,
883 684 948 748 445
975 680 1016 746 fit
1039 703 1178 768 quoque
1200 690 1239 748 ut
1263 683 1315 749 in-

182 794 302 859 volvat
324 788 422 855 venti
445 809 480 852 se
501 786 655 852 nubibus
685 786 760 872 ipse
771 791 902 865 vertex,
917 784 1109 850 conradens
1121 796 1253 851 exsere
1265 807 1316 852 se·

181 897 277 963 mina
309 891 414 958 nubis
450 896 485 955 et
519 889 619 975 quasi
654 889 828 954 demissum
862 885 948 954 caelo
969 893 1124 974 prestera
1147 889 1314 954 imitetur.

182 999 223 1078 V,
257 998 322 1066 674
349 1000 386 1060 et
418 992 550 1079 pariter
582 990 723 1056 mollem
756 989 853 1056 mults
883 990 1048 1056 demittere
1084 989 1236 1056 barbam.
1271 991 1316 1074 V,

183 1103 245 1168 401
269 1096 454 1164 deturbavit
476 1094 566 1178 equis
587 1096 626 1158 in
648 1099 788 1158 terram.
1330 1085 1335 1098 '

284 1217 391 1284 Notio
425 1221 539 1282 motus
562 1213 752 1279 deorsum
790 1218 965 1278 tenuate
1000 1219 1070 1278 est:
1102 1213 1144 1295 V,
1166 1215 1229 1280 639
1254 1214 1314 1299 qui

183 1328 288 1410 queat
320 1319 451 1387 aestivis
484 1316 592 1382 solem
624 1317 794 1382 detrudere
826 1315 932 1402 siquis
964 1314 1125 1382 brumalis
1151 1317 1316 1399 usquead

180 1427 294 1509 flexus.
337 1422 402 1505 ΙΠ,
440 1423 502 1487 132
540 1440 610 1504 qua
643 1424 786 1505 propter
820 1418 985 1503 quoniam
1025 1423 1078 1483 est
1115 1418 1223 1483 animi
1255 1440 1317 1484 na·

181 1535 260 1593 tura
293 1531 432 1612 reperta
466 1527 573 1607 atque
607 1521 742 1586 animae
778 1521 880 1606 quasi
914 1540 994 1606 pars
1023 1519 1185 1598 hominis,
1208 1519 1314 1586 redde

180 1627 374 1697 harmoniai
397 1647 526 1691 nomen
548 1624 591 1691 ud
612 1624 783 1709 orperu‘eos
805 1623 871 1689 ulto
893 1623 1036 1689 delatren
1059 1621 1220 1689 Heliconi.

283 1753 312 1834 3)
339 1749 389 1814 De
411 1745 623 1833 praepositio
646 1750 746 1810 ante
775 1766 915 1809 oasum
940 1745 1143 1810 iteratur:

283 1854 343 1936 33)
366 1848 591 1936 Significatio
624 1847 842 1935 primaria.

284 1959 322 2037 a)
344 1955 401 2018 De
425 1957 555 2018 motu:
578 1951 639 2030 IV,
662 1953 705 2016 32
735 1972 834 2035 quae,
848 1950 948 2036 quasi
958 1949 1181 2017 membranae
1192 1971 1317 2018 summo

183 2057 219 2120 de
241 2077 370 2139 corpore
393 2075 508 2120 rerum
531 2053 688 2136 dereptae,
712 2052 865 2118 volitant
886 2053 1048 2140 ultroque
1070 2055 1239 2140 citroque,
1254 2076 1316 2140 per

186 2180 296 2224 auras.
318 2159 382 2241 ΙΠ,
405 2159 468 2224 225
494 2155 546 2222 nil
569 2157 679 2223 oeulis
703 2162 820 2221 tamen
836 2177 911 2222 esse
927 2156 1041 2221 minor
1055 2178 1111 2222 res
1126 2157 1204 2243 ipsa
1217 2157 1316 2223 vide.

184 2268 244 2325 tur
264 2265 446 2346 propterea
468 2280 580 2344 neque
602 2259 781 2326 detructum
802 2259 840 2323 de
855 2259 1002 2341 pondere
1025 2257 1147 2324 hilum.
1170 2259 1236 2341 HI,
1251 2260 1316 2326 514

177 2363 215 2428 de
242 2382 372 2428 summa
400 2362 660 2445 detraherem,
686 2364 767 2429 1087
792 2360 948 2426 demimus
971 2365 1108 2445 tempore
1130 2361 1168 2426 de
1189 2364 1313 2427 mortis.

280 2467 317 2550 β)
342 2464 401 2530 De
434 2471 571 2530 statu:
604 2465 632 2548 1,
661 2467 743 2532 1111
772 2485 839 2547 qua
872 2484 1006 2556 eumque
1038 2464 1135 2551 prius
1165 2463 1203 2529 de
1220 2463 1316 2546 perti

183 2589 324 2654 corpora
345 2568 431 2633 desse
454 2568 657 2634 constitues.

284 2668 333 2739 tt>
356 2669 579 2756 significatio
616 2676 733 2734 motus
756 2668 961 2736 deorsum:
985 2669 1046 2746 VI,
1067 2673 1129 2756 427
1160 2669 1198 2734 in
1220 2691 1313 2734 mare

182 2773 219 2838 de
241 2772 325 2838 caeto
347 2773 541 2839 descendere.
565 2773 625 2858 VI,
647 2775 724 2840 433.
749 2773 796 2857 11,
823 2774 915 2838 1134.

171 3021 177 3030 .
283 2959 397 3025 Verba
431 2982 509 3025 eum
540 2960 577 3025 de
611 2961 803 3048 composita
837 2960 923 3025 alias
945 2960 1222 3048 praepositiones
1246 2959 1315 3025 sibi

181 3059 388 3147 adiungunt:

284 3163 339 3229 Eu
383 3165 688 3252 praepositionem.
734 3165 954 3252 significatio
985 3165 1209 3252 primaria:
1254 3165 1315 3247 IV,

182 3267 245 3333 536
276 3267 362 3351 quid
384 3267 539 3334 detrabat
569 3289 609 3334 ex
638 3267 818 3334 hominum
841 3269 958 3334 aereis.
1004 3267 1224 3354 Significatio
1247 3267 1316 3333 de·

184 3390 335 3434 orsum:
369 3371 429 3454 VI,
452 3374 515 3438 257
538 3372 665 3460 pioise
698 3375 785 3438 eaelo
807 3373 979 3439 demissum
1003 3371 1145 3436 flumen.
1167 3371 1228 3454 VI,
1252 3374 1317 3439 914

183 3493 275 3536 unus
299 3510 340 3520 —
359 3493 398 3538 ee
420 3492 491 3540 333
512 3475 675 3560 dependet.

286 3573 338 3640 Ab
370 3577 680 3663 praepositionem:
716 3578 757 3662 V,
792 3579 855 3645 685
883 3583 918 3642 et
951 3568 1046 3663 quod
1081 3575 1121 3643 ut
1153 3578 1317 3643 alterutra

57 3687 60 3690 '
184 3676 329 3744 detrusit
348 3684 455 3762 purte.
483 3679 543 3756 VI,
578 3685 639 3748 621
663 3681 793 3746 umoris
816 3702 961 3767 parvam
981 3678 1096 3746 delibet
1118 3679 1316 3762 obsequere

185 3784 330 3865 partem.
365 3781 429 3847 Ofr
450 3782 477 3866 Ι,
499 3786 559 3850 102
582 3805 632 3868 sq.
660 3783 822 3850 Tutemet
844 3804 866 3850 3
888 3783 981 3850 uobis
1002 3783 1073 3848 iam
1089 3782 1213 3868 quovis
1229 3789 1316 3847 tem-

185 3902 268 3967 pore
301 3889 424 3950 vatum
451 3886 653 3972 terriloquis
686 3886 803 3951 vietus
836 3883 939 3952 dietis
971 3885 1138 3951 desciscere
1161 3905 1318 3970 quaeres.

186 3983 251 4066 ΙΠ,
274 3987 338 4053 860
365 3985 563 4054 deerrarunt
583 3988 713 4076 passim
734 3997 849 4056 motus
871 3987 911 4055 ab
932 3987 1079 4056 sensibus
1101 4009 1228 4054 omnes.

187 4108 393 4118 Q

290 4159 311 4224 ¹)
330 4157 382 4212 Ofr
399 4175 449 4231 pp.
467 4160 498 4213 11
519 4163 548 4212 et
566 4160 606 4214 36.
