3188 4944
252 382 294 448 54

204 574 285 636 ¹tum
318 572 396 634 aute
429 566 535 632 oculos
567 565 728 652 pendere,
764 567 870 633 instat
901 587 982 632 vero
1017 565 1213 632 absolute
1243 565 1340 631 adhi-

208 672 321 737 bitum
352 691 426 734 esse
450 691 617 735 censeam.
662 669 861 747 Quomodo
885 669 915 734 si
938 670 1201 754 coniunguntur
1222 669 1338 752 verba,

212 771 448 839 locutionibus
486 778 564 848 oute
596 772 701 838 oorrlos
732 773 857 838 versari
890 778 926 836 et
960 771 1087 838 instare
1120 771 1262 836 ubertas
1291 770 1340 836 lo·

212 875 343 962 quendi
376 875 537 954 efficitur,
572 875 707 960 qualem
740 880 954 962 quantopere
978 874 1190 940 adamaverit
1211 873 1341 938 Lucre-

216 979 297 1063 tius,
314 1001 415 1044 nemo
431 978 597 1044 sermonis
612 977 815 1042 Lucretiani
830 977 965 1064 peritus
980 977 1130 1064 ignorat,
1146 977 1341 1041 innumera-

215 1081 416 1166 bilibusque
448 1079 615 1168 exemplis
649 1080 686 1145 id
717 1087 877 1165 (quorum
900 1080 937 1144 in
960 1101 1103 1146 numero
1125 1085 1244 1145 temen
1267 1078 1341 1161 hoo,

212 1183 254 1248 de
287 1205 354 1269 quo
381 1206 476 1248 nuno
499 1205 574 1270 ago,
598 1184 802 1270 exemplum,
824 1185 862 1248 ni
886 1182 996 1262 fallor,
1019 1203 1090 1247 non
1113 1180 1343 1268 deprehendi-

219 1288 289 1370 tur)
313 1307 391 1351 oum
413 1287 500 1353 alibi
521 1287 660 1374 passim,
683 1294 758 1351 tum
780 1308 863 1351 vero
886 1286 1033 1352 maxime
1049 1286 1086 1349 in
1103 1285 1212 1349 altero
1229 1283 1342 1369 capite

214 1388 469 1455 dissertationis
503 1412 587 1456 suae
603 1391 629 1477 ¹)
662 1390 780 1455 allatis
814 1389 899 1454 satis
933 1410 1107 1474 superque
1140 1385 1344 1474 explanavit

214 1491 400 1558 Kraetseh.
445 1492 515 1559 Sed
537 1494 613 1558 fiori
634 1499 749 1580 potest
768 1500 808 1558 ut
822 1492 911 1557 velit
926 1492 1097 1578 quispiam
1112 1489 1248 1555 Kelleri
1264 1510 1344 1553 oon·

216 1593 431 1660 iunctionem
464 1596 647 1661 verborum
672 1616 713 1659 ea
745 1595 839 1659 tueri
864 1616 911 1679 re,
936 1594 1029 1679 quod
1051 1595 1177 1660 instare
1199 1591 1344 1656 eandem

215 1696 287 1762 vim
321 1697 449 1765 habere
483 1721 523 1764 ao
552 1701 677 1782 stare2)
705 1698 763 1762 vel
785 1719 858 1776 esse,
882 1697 1001 1782 itaque
1023 1696 1141 1761 verbis
1164 1696 1289 1761 versari
1311 1700 1345 1758 et

217 1801 346 1866 instare
366 1801 606 1888 pleonasmum
631 1800 878 1865 Lucretianum
902 1799 997 1864 effici
1023 1798 1221 1867 contendat.
1244 1795 1349 1884 Quod*

216 1902 246 1966 si
285 1904 363 1989 quis
398 1903 534 1982 dixerit,
557 1903 642 1969 satis
663 1903 800 1970 habebo
823 1925 994 1988 quaerere,
1020 1923 1171 1987 quonam
1191 1901 1266 1966 iure
1289 1900 1343 1964 vis

210 2005 252 2070 in
273 2006 542 2092 praepositionis
565 2007 603 2071 in
625 2006 732 2072 verbo
754 2007 883 2072 instare
904 2011 977 2069 tam
997 2003 1181 2070 debilitata
1195 2025 1269 2068 esse
1283 2024 1344 2089 pu·

212 2112 314 2194 tetur,
349 2115 389 2173 ut
418 2109 511 2175 idem
542 2109 659 2175 valere
694 2110 821 2175 instare
854 2131 895 2173 ao
917 2108 1064 2194 simplex
1085 2114 1171 2174 stare
1198 2107 1344 2178 dicatur,
1376 2097 1381 2109 ’

209 2209 319 2278 Immo
354 2214 496 2298 ubique,
530 2213 626 2297 quod
649 2213 765 2296 sciam,
799 2213 837 2277 in
870 2212 999 2277 litteris
1032 2211 1154 2276 latinis
1175 2203 1226 2276 ¹irs
1248 2231 1344 2296 prae·

215 2316 344 2401 positio
377 2317 476 2381 verbi
508 2319 634 2384 instare
660 2317 714 2381 sui
737 2322 790 2381 est
812 2315 909 2393 iuris,
932 2321 1037 2400 atque
1060 2315 1111 2379 ita
1133 2313 1283 2398 quidem,
1305 2317 1346 2375 ut

215 2417 350 2504 aliquid
366 2419 479 2484 autin
496 2418 712 2483 interiore
729 2418 941 2484 alicuiusrei
956 2415 1343 2504 parteautproxime

214 2522 326 2608 apud
349 2521 482 2605 aliquid
505 2543 580 2586 esse
599 2521 782 2606 significet.
816 2520 916 2598 Quod
939 2521 969 2584 si
991 2520 1040 2585 ita
1056 2505 1286 2603 est—neque
1308 2517 1345 2582 id

211 2623 376 2709 dubitari}
411 2623 496 2687 licet
535 2660 579 2673 -
620 2645 766 2708 eumque
808 2624 846 2688 iu
882 2623 1108 2710 proximum
1144 2621 1344 2708 significans

212 2726 305 2791 idem
338 2725 412 2790 fere
444 2727 562 2791 valeat
595 2749 635 2791 ao
667 2725 796 2791 locutio
832 2732 927 2791 ante
962 2725 1114 2806 oeulos,
1147 2763 1191 2774 -
1221 2723 1346 2790 uersari

218 2850 301 2893 vero
336 2834 370 2892 et
400 2832 487 2894 sture
520 2833 648 2916 optime
670 2830 762 2894 inter
785 2850 820 2892 se
843 2828 1063 2915 respondere,
1084 2850 1155 2893 non
1177 2834 1230 2892 est
1253 2825 1346 2911 quod

217 2953 375 2996 moneam
402 2970 443 2981 -
469 2931 691 3018 pleonasmus
724 2931 954 2996 Lucretianus
986 2930 1189 2996 bimembris
1222 2931 1345 3017 plenus

216 3055 287 3098 non
311 3035 450 3099 exsistit
477 3035 548 3099 nisi
569 3034 686 3100 verbis
709 3035 759 3100 ita
782 3034 988 3116 coniunctis,
1011 3040 1051 3098 ut
1074 3033 1221 3099 alterum
1242 3054 1346 3098 mem-

219 3135 320 3201 brum
343 3141 421 3201 aute
444 3136 550 3202 oculos
571 3138 707 3212 uersari,
731 3137 879 3201 alterum
900 3141 1027 3203 instare
1049 3137 1104 3204 sit.
1128 3175 1169 3185 —

316 3238 404 3303 Cum
427 3239 592 3304 dativo:
616 3237 679 3315 ΙΙΙ,
702 3241 765 3305 722
789 3239 921 3304 animas
942 3240 1158 3305 extrinseous
1174 3237 1347 3304 insinuari

211 3340 378 3409 vermibus.
401 3341 462 3407 Cfr
483 3339 510 3419 Ι,
536 3342 608 3408 113.
631 3340 695 3426 ΙΙΙ,
720 3344 791 3409 689.
813 3340 876 3425 IV,
902 3345 994 3410 1030.
1017 3341 1062 3420 H,
1086 3343 1158 3409 684.
1182 3340 1247 3424 ΙΙΙ,
1274 3343 1345 3418 729,

221 3447 293 3528 738,
316 3442 381 3524 ΙΙΙ,
415 3446 477 3510 378
512 3443 682 3528 quantula
713 3445 826 3529 prima
849 3451 978 3529 queant
1000 3444 1092 3510 nobis
1112 3444 1235 3511 iniecto
1258 3444 1347 3508 ciere

225 3568 367 3633 corpora
390 3547 576 3612 sensiferos
599 3553 723 3613 motus.
756 3547 819 3613 ofr
841 3546 886 3633 ΙΙ,
910 3549 983 3631 740,
1007 3546 1058 3627 ΙΙ,
1075 3549 1159 3614 1165
1180 3568 1273 3612 nunc
1296 3554 1348 3610 est

217 3650 409 3717 mortalibus
440 3649 564 3716 insitus
596 3649 724 3716 horror.
770 3648 797 3726 Ι,
831 3654 890 3717 901
926 3657 1075 3715 nonest
1108 3649 1205 3734 liquis
1241 3655 1349 3715 tumea

221 3755 340 3820 insitus
361 3752 464 3839 ignis.
488 3752 551 3817 Ofr
564 3751 608 3835 V,
636 3755 706 3833 182,
728 3754 801 3836 538,
826 3755 918 3836 10473
940 3751 1005 3830 III,
1029 3754 1093 3820 680
1114 3752 1205 3818 uobis
1226 3751 1349 3834 inferri

224 3855 361 3921 solitast
384 3855 492 3920 animi
513 3855 633 3920 vivata
653 3860 817 3941 potestas.
841 3855 902 3920 Ofr
916 3857 955 3937 V,
982 3858 1073 3938 12463
1095 3854 1158 3940 IV,
1183 3856 1246 3922 715
1262 3877 1350 3940 quae

216 3980 294 4024 oum
335 3963 416 4025 sunt
455 3957 556 4024 oculis
595 3957 732 4024 tumissa
764 3958 915 4023 leonum.
948 3957 1011 4036 Vl,
1047 3961 1129 4026 1174
1165 3957 1267 4023 multi
1308 3994 1349 4006 -

324 4218 346 4288 ¹)
380 4217 425 4272 De
442 4218 548 4271 abund.
567 4215 620 4270 dic.
638 4234 705 4286 gen.
723 4217 808 4271 Lucr.

323 4306 344 4370 ²)
358 4303 408 4358 ou
426 4303 567 4369 Keller,
587 4320 611 4372 p.
631 4304 672 4356 27.
