3188 4944
357 509 402 590 11.
454 509 559 605 ,‚De“
587 507 638 590 de
665 511 860 608 tempore
887 507 1133 589 adhibitum.

279 684 434 776 Primum
467 707 588 774 adiero
625 709 663 774 da
694 708 800 776 credito
832 710 890 793 (II,
912 710 985 776 265.
1007 709 1071 788 ΠΙ,
1095 671 1181 795 643),
1205 729 1309 794 quem

176 812 391 878 locutionem
423 813 536 878 minus
570 812 737 879 usitatam
771 815 841 879 iam
875 812 968 901 apud
1001 812 1165 878 Plautum
1189 811 1321 899 depre«

181 915 367 982 hendimus
380 918 415 1001 ¹).
1292 927 1293 934 ’

279 1037 391 1122 Prope
422 1034 556 1101 accedit
572 1033 574 1037 ’
590 1035 634 1101 ad
661 1036 838 1102 notionem
868 1041 960 1119 post:
991 1036 1033 1119 V,
1068 1039 1128 1103 651
1165 1041 1226 1100 aut
1247 1034 1309 1099 ubi

177 1140 215 1205 de
252 1139 346 1224 longo
373 1160 472 1205 cursu
500 1139 552 1204 sol
575 1138 700 1205 ultima
722 1139 810 1205 caeli
833 1139 983 1227 impulit,
1012 1138 1105 1224 quod
1129 1144 1246 1204 tamen
1262 1135 1308 1201 de

180 1241 274 1308 loco
299 1241 542 1329 accipiendum
565 1247 629 1307 est.
1125 1263 1127 1267 ’

279 1361 460 1448 Temporis
482 1361 537 1426 vis
558 1360 722 1449 plenior
743 1366 813 1426 est:
835 1361 896 1439 VI,
919 1362 984 1429 290
1011 1381 1074 1445 quo
1096 1360 1135 1426 de
1150 1377 1309 1427 concussu

183 1463 343 1550 sequitur
364 1463 482 1550 gravis
504 1463 617 1529 imber
639 1471 674 1530 et
696 1464 791 1530 uber.

278 1585 324 1650 Η.
357 1582 379 1647 l.
404 1580 616 1648 conferenda
637 1592 720 1648 suut
742 1569 907 1650 adverbia
929 1583 1055 1659 deinde,
1078 1582 1235 1666 deinceps,
1258 1583 1323 1664 de-¹

179 1708 290 1774 aspere.

355 1874 418 1955 ΠΙ.
469 1875 574 1970 „De“
602 1874 654 1955 de
682 1875 847 1977 origine
875 1877 1142 1975 usurpatum.

282 2078 341 2145 Ad
374 2078 545 2165 originem
578 2072 837 2165 exprimendam
859 2084 980 2164 poetas
1003 2099 1132 2163 eosque
1155 2083 1311 2148 secutum

183 2180 343 2246 Tacitim
378 2181 634 2267 scriptoresque
671 2180 874 2267 posterioris
915 2181 1103 2246 latinitatis
1138 2202 1240 2268 saepe
1274 2182 1312 2248 de

177 2283 473 2370 praepositionem
505 2305 693 2369 usurpasse
727 2289 873 2349 constat.
891 2285 916 2365 ²)
961 2283 1067 2369 Apud
1099 2282 1306 2352 Lucretium

184 2407 326 2470 quoque
349 2385 440 2452 haud
462 2407 540 2451 rera
562 2385 668 2450 huius
691 2385 828 2471 generis
851 2385 1011 2473 exempla
1033 2397 1231 2452 occurrunt.
1275 2465 1282 2478 ·

282 2505 324 2590 V,
357 2510 420 2574 279
459 2507 544 2572 haut
577 2505 688 2592 igitur
715 2506 940 2592 cessetqipni
962 2486 1116 2573 derebus
1138 2512 1174 2572 et
1196 2506 1234 2571 in
1255 2528 1310 2572 res

180 2608 361 2674 reccidere.

284 2729 354 2794 Hic
377 2729 498 2795 adiero
521 2729 585 2809 ΙΠ,
612 2731 675 2796 750
708 2729 880 2815 effugeret
903 2730 1000 2794 cenis
1022 2730 1180 2820 Hyrcano
1202 2730 1240 2796 de
1261 2750 1310 2795 se·
1391 2763 1393 2769 ·

178 2834 266 2898 mine
299 2854 402 2919 saepe
437 2833 612 2918 cornigeri
645 2833 823 2898 incursum
846 2833 951 2912 cervi,
975 2833 1036 2918 qui
1057 2833 1156 2899 locus
1179 2853 1219 2898 eo
1242 2855 1310 2898 me·

178 2935 358 3001 morabilis
392 2941 453 3012 est,
488 2935 582 3026 quod
614 2934 657 3000 ad
690 2933 938 3000 illustrandum
959 2956 1062 3001 usum
1084 2935 1242 3018 Lucretii
1264 2934 1310 3000 el-

176 3037 298 3125 liptice
332 3038 510 3126 loquendi,
544 3038 586 3103 de
622 3059 690 3124 quo
723 3043 826 3104 antea
861 3037 994 3123 passim
1027 3038 1171 3123 egimus,
1197 3023 1310 3104 esem-

177 3141 277 3227 plum
299 3136 406 3207 addit.
627 3135 629 3142 ’
1283 3127 1302 3148 ”

281 3257 393 3326 Valde
415 3259 649 3350 memorabilis
672 3267 727 3350 est
741 3281 825 3326 usus
835 3261 874 3327 de
888 3219 1167 3348 praepositionis
1176 3261 1216 3327 in
1229 3219 1330 3328 ori-t¹

178 3363 274 3449 gine
309 3362 605 3450 'etymologica
636 3357 861 3451 exprimenda
886 3359 1003 3454 positi.
1037 3365 1097 3446 VI,
1121 3367 1184 3433 908
1207 3388 1308 3452 quem
1349 3449 1352 3454 Ι

179 3467 346 3552 Magneta
377 3473 506 3564 uocant
534 3467 649 3551 patrio
682 3467 720 3536 de
740 3469 895 3564 nomine-y
914 3468 1087 3534 Inusitate
1111 3473 1216 3555 atque
1239 3469 1309 3556 pri-

282 3708 302 3775 ¹)
329 3705 402 3764 Vid.
421 3706 662 3777 Kampmann,
681 3707 726 3774 De
751 3706 852 3770 Deos
878 3706 925 3764 Eu
951 3725 1069 3779 praepp.
1084 3725 1151 3767 ¹usu
1169 3709 1316 3764 Plautino:

178 3808 205 3862 p.
231 3794 249 3845 4
275 3791 327 3860 qui
353 3791 471 3848 desubito
497 3797 541 3863 (ut
567 3791 706 3862 ‹imepente
732 3799 761 3847 et
789 3792 994 3861 denuo)scribi
1013 3795 1091 3868 vult.¹
1118 3794 1263 3864 Equidem
1280 3795 1312 3850 de

177 3875 265 3931 subito
292 3894 329 3931 ex
354 3871 491 3949 analogia
516 3869 677 3932 locutionis
707 3877 739 3932 de
765 3877 919 3950 improviso,
938 3880 970 3933 ἐκ
988 3883 1039 3933 τοῦ
1057 3881 1164 3950 ταχέος,
1183 3880 1310 3935 scriben-

179 3963 246 4017 dum
265 3979 371 4017 censeo
389 3963 451 4032 (Ofr
469 3963 579 4020 Phiiol.
600 3963 751 4035 XXXIV).

280 4066 302 4133 ²)
321 4064 372 4119 cfr
388 4066 548 4122 schmarz
567 4067 599 4122 in
616 4067 793 4123 nucum
811 4069 928 4124 nanee.
947 4069 1072 4132 uiae,
1091 4069 1151 4124 nn.
1167 4069 1201 4135 11,
1211 4036 1308 4140 pne.

177 4149 239 4217 „De
265 4157 310 4205 ast
337 4151 366 4205 la
392 4153 576 4224 preposition
604 4153 732 4209 favorite
760 4155 796 4208 de
814 4153 843 4208 le
861 4154 977 4210 latinite
995 4155 1193 4227 posterieure“
1212 4155 1309 4224 (Goi-

178 4239 260 4308 zer).
