3188 4944
493 1163 559 1278 B.
606 1161 840 1278 Altera
877 1189 1056 1302 pare.

259 1429 322 1509 De
351 1424 823 1528 significationibus
850 1421 1296 1523 praepositionum.

616 1617 851 1712 caput
869 1617 935 1692 Σ.

752 1807 808 1869 no.

311 1976 534 2041 Ametiouem
567 1973 730 2041 alicunde
760 1973 826 2038 hac
847 1995 933 2039 voce
954 1975 1094 2062 proprie
1118 1973 1266 2057 definiri,
1290 1974 1343 2036 in-

209 2091 263 2144 ter
292 2101 411 2144 omnes
435 2079 521 2143 satis
546 2082 692 2143 constat.
736 2076 933 2142 Discrimen
955 2099 1048 2157 vero,
1073 2076 1166 2162 quod
1189 2077 1281 2140 inter
1302 2074 1343 2141 ab

211 2188 245 2245 et
279 2204 318 2247 ecc
349 2179 547 2264 intercedit,
581 2180 637 2244 his
671 2180 789 2244 verbis
817 2201 1018 2266 expressum
1042 2186 1095 2245 est
1118 2203 1138 2244 a
1161 2178 1343 2244 Schwar-

211 2283 329 2368 ziosp
365 2282 425 2362 „ab
458 2289 495 2346 ct
516 2303 556 2348 ece
577 2281 628 2347 ita
651 2282 816 2348 differunt
837 2282 986 2369 proprie,
1011 2289 1051 2346 ut
1073 2303 1112 2347 ex
1133 2280 1343 2368 progressio·

209 2408 289 2452 nem
313 2386 356 2451 de
378 2385 454 2450 loco
477 2385 650 2466 interiore,
674 2386 713 2452 ab
735 2386 1012 2472 progressionem
1032 2385 1082 2450 de
1096 2383 1258 2451 finibus
1275 2381 1344 2446 loci

210 2488 415 2574 significet“.
469 2488 564 2566 Quae
599 2488 738 2574 quidem
773 2487 969 2560 distinctio,
989 2487 1246 2575 simplicissima
1278 2506 1343 2550 nec

210 2597 337 2673 tamen,
370 2596 410 2655 ut
441 2613 517 2655 mea
550 2591 691 2676 quidem
729 2592 798 2656 fert
831 2591 960 2677 opinio,
990 2613 1061 2656 non
1084 2587 1345 2656 accuratissima

210 2699 272 2759 est.
295 2691 347 2757 Ao
361 2692 611 2778 praepositioni
628 2694 802 2757 contraria
818 2699 871 2758 est
893 2692 944 2774 ad,
962 2714 1043 2773 non,
1059 2699 1101 2757 ut
1113 2693 1162 2757 ait
1174 2689 1293 2756 Hand
1304 2690 1343 2772 ²),

208 2797 255 2861 itt.
301 2796 378 2862 Hac
402 2794 541 2879 quidem
564 2817 607 2860 ex
629 2801 743 2860 motus
767 2794 1023 2881 significatione
1045 2795 1214 2860 facillime
1237 2792 1344 2879 signi·

208 2898 325 2962 ficatio
359 2896 544 2962 deducitur
571 2897 610 2964 ab
631 2897 903 2984 praepositionis
926 2903 1076 2963 statum
1098 2898 1120 2962 i.
1144 2920 1172 2962 c.
1197 2895 1342 2982 procul

209 3005 329 3078 stare,
366 2998 522 3064 distare
560 3000 720 3085 aliquid
758 2999 805 3064 ab
844 2999 982 3085 aliqua
1018 3022 1062 3064 re
1099 2998 1341 3064 indicantis,

208 3099 297 3166 Nam
331 3101 519 3187 cogitando
555 3108 647 3167 certe
675 3102 824 3190 spatium
859 3103 902 3169 ab
936 3103 1046 3168 altera
1074 3102 1176 3168 read
1201 3101 1342 3166 alteram

210 3204 432 3288 percurritur.
453 3243 497 3254 —

313 3306 483 3393 Exempla
504 3307 575 3373 iam
596 3308 666 3372 iam
689 3307 727 3372 in
749 3309 901 3373 medium
925 3308 1103 3394 prolaturo
1127 3307 1166 3373 id
1180 3307 1343 3394 praemit-

209 3406 354 3473 tendum
375 3409 463 3474 mihi
484 3410 624 3475 videtur
646 3433 721 3476 eam
744 3433 798 3476 me
821 3412 860 3475 in
880 3413 1026 3477 materia
1042 3411 1231 3497 digerenda
1246 3430 1342 3474 secu·

208 3515 326 3574 turum
353 3533 428 3576 esse
451 3513 630 3590 rationem,
653 3519 693 3577 ut
714 3515 864 3599 primum
887 3535 1014 3600 ponam
1038 3535 1126 3598 quae
1151 3512 1193 3577 de
1216 3534 1281 3577 usu
1302 3532 1343 3575 ac

210 3618 383 3678 structura
405 3615 589 3680 verborum
613 3636 692 3681 cum
714 3615 753 3680 ub
777 3617 1044 3701 compositorum
1062 3614 1252 3690 adferenda
1267 3635 1342 3677 esse

208 3716 404 3801 videantur,
440 3716 566 3782 deinde
600 3717 643 3783 de
677 3718 716 3784 ab
745 3718 1016 3805 praepositionis
1040 3741 1060 3783 a
1082 3718 1207 3784 ceteris
1229 3716 1343 3782 verbis

209 3825 245 3882 et
279 3819 480 3904 compositis
515 3827 550 3886 et
583 3821 802 3907 simplicibus
825 3820 1011 3908 pendentis
1034 3827 1113 3888 ante
1138 3842 1255 3886 cesum
1277 3841 1343 3884 usu

209 3919 385 3986 disseram.

312 4164 332 4230 ¹)
351 4161 416 4214 Vid.
435 4159 547 4229 Hand,
565 4160 690 4214 Turseli.
709 4159 732 4230 I,
750 4179 778 4230 p.
797 4163 836 4214 12.

311 4265 332 4333 ²)
351 4263 477 4318 Tursell.
495 4263 518 4333 Ι,
536 4280 564 4333 p.
583 4267 606 4319 9.
