3188 4944
307 338 326 403 8

265 524 395 610 egisset
416 522 612 603 Lucretius,
634 527 675 587 ut
697 523 860 589 metricae
882 524 934 589 roi
957 524 1183 610 satisfaceret,
1200 524 1292 591 nihil
1308 546 1403 611 opus

264 627 390 692 fuisset
412 627 524 691 forma
546 626 638 704 cuda,
661 625 855 691 suffecisset
877 627 969 692 indu.

366 727 461 793 Indu
483 729 629 792 formam
653 727 758 792 etiam
781 729 818 792 in
841 727 1031 813 composito
1055 728 1147 813 quod
1171 735 1223 795 est
1239 729 1405 821 indipisci

266 831 496 916 (indu-apisci)
528 829 637 894 latere
673 830 904 916 putaveriml)
931 836 1053 896 contra
1078 830 1403 918 Schwarzium2)

264 935 453 1026 d-litteram
487 933 646 1020 εὐφωνίας
679 931 793 1018 gratia
825 932 1044 1016 (iud-apisci)
1076 933 1287 1000 inculcatam
1322 955 1402 999 esse

264 1038 448 1104 dicentem.

367 1293 420 1359 De
443 1293 480 1358 de
503 1298 539 1357 ot
561 1291 604 1358 od
625 1289 944 1378 praepositionibus
968 1292 1058 1358 nihil
1082 1291 1267 1358 dicendum
1290 1299 1353 1360 est.

366 1585 464 1650 Haec
497 1582 608 1648 habeo
643 1605 732 1668 quac
769 1584 811 1648 da
844 1583 988 1668 ratione,
1020 1604 1089 1668 qua
1118 1583 1234 1649 varias
1267 1584 1402 1649 formas

264 1686 563 1773 praepositionum
595 1685 818 1772 usurpaverit
849 1686 1045 1770 Lucretius,
1077 1686 1200 1752 dicam.
1245 1687 1341 1766 Quae
1367 1685 1398 1751 si

264 1775 387 1876 paucis
411 1788 746 1874 comprehendimus,
769 1788 854 1854 haec
876 1789 950 1854 fero
974 1794 1070 1854 sunt:
1093 1811 1148 1854 ars
1172 1795 1208 1853 et
1223 1788 1312 1854 ratio
1327 1790 1397 1854 Lu-

266 1891 366 1956 cretii
397 1891 553 1977 singulas
584 1889 713 1957 formas
737 1891 926 1957 adhibendi
949 1893 1016 1957 etsi
1038 1914 1108 1957 non
1132 1892 1279 1957 multum
1301 1912 1403 1956 rece-

266 1993 320 2059 dit
352 1994 396 2058 ab
430 2016 480 2076 aa,
515 2016 603 2080 quae
638 1999 692 2060 est
726 1993 917 2060 communis
947 1994 1005 2059 vel
1026 1995 1143 2082 potius
1167 1994 1401 2078 classicorum,

265 2096 310 2161 in
338 2096 584 2162 universum
613 2102 730 2161 tamon
761 2096 940 2181 aliquam
963 2101 1056 2161 certe
1080 2097 1260 2183 speciem
1282 2117 1397 2183 prae-

265 2199 335 2265 bet
366 2198 647 2284 antiquitatis.
692 2199 851 2284 Namque
881 2198 1067 2263 admodum
1089 2221 1191 2285 saepe
1213 2198 1403 2264 Lucretius

265 2302 392 2368 formas
425 2301 464 2367 ab
497 2310 533 2367 et
565 2323 605 2368 ecc
639 2307 719 2367 ante
751 2323 919 2367 consonas
948 2301 1119 2366 adhibuit.
1164 2301 1233 2380 Qui
1257 2300 1395 2387 quidem

266 2427 349 2470 usus
380 2427 456 2470 cum
487 2404 530 2469 ab
561 2403 640 2468 aliis
664 2425 800 2489 quoque
824 2403 1052 2489 scriptoribus
1076 2403 1122 2468 sit
1144 2405 1398 2490 frequentatus,

266 2508 370 2594 paulo
404 2506 524 2572 durior
554 2513 672 2573 tamen
705 2513 767 2596 est,
799 2507 881 2591 quia
910 2506 1067 2571 Lucretii
1089 2508 1305 2593 temporibus
1328 2507 1396 2571 iam

267 2610 353 2675 adeo
382 2609 518 2674 mollita
549 2615 623 2675 erat
652 2609 774 2694 lingua
795 2609 914 2693 latina,
937 2615 977 2674 ut
999 2607 1186 2694 scriptores
1209 2609 1284 2675 cius
1307 2616 1404 2675 aeta·

265 2713 312 2778 tis
347 2713 391 2779 ab
414 2713 480 2777 hoc
502 2733 568 2776 usu
590 2711 661 2777 iam
682 2711 793 2796 magis
815 2711 995 2798 magisque
1019 2711 1236 2777 abstinerent
1247 2714 1282 2798 ³).
1329 2713 1399 2776 Ita-

268 2839 334 2901 que
366 2816 586 2882 Luoretius
616 2837 751 2902 semper
779 2835 819 2880 ec
855 2834 975 2892 somno,
1009 2814 1185 2880 Plautus
1220 2835 1260 2880 cc
1287 2833 1405 2880 somno

268 2926 304 2986 et
324 2942 340 2986 e
361 2938 481 3004 somno,
506 2919 651 2984 Cicero
675 2939 810 3004 semper
831 2939 847 2983 e
869 2936 980 2983 somno
1002 2917 1102 2982 dixit.
1116 2918 1142 3003 4)

371 3025 477 3089 Porro
511 3021 665 3087 studium
687 3020 842 3085 Lucretii
864 3026 1023 3084 veterum
1044 3041 1138 3084 more
1161 3019 1328 3105 loquendi
1357 3038 1405 3082 ex

268 3147 308 3191 eo
345 3147 481 3211 quoque
520 3126 644 3203 elucet,
671 3123 765 3208 quod
797 3121 925 3187 formas
947 3122 1027 3188 illas
1049 3123 1184 3208 priscae
1207 3121 1404 3188 latinitatis

212 3311 215 3319 .
268 3229 362 3308 indu,
386 3228 467 3294 endo
489 3225 669 3292 nonnullis
692 3223 779 3290 locis
803 3225 952 3292 admisit.

370 3401 391 3470 ¹)
410 3398 461 3453 Ofr
479 3399 597 3454 Julius
615 3397 708 3451 Brix
725 3397 762 3450 ad
779 3397 873 3452 Plaut.
891 3396 972 3452 Trin.
991 3397 1049 3448 224.

371 3487 391 3555 ²)
409 3485 472 3540 Vid.
499 3479 676 3553 Schwarz,
704 3483 748 3537 De
775 3499 893 3554 praepp.
911 3481 1026 3552 graecis
1044 3485 1074 3534 et
1091 3479 1197 3544 latinis,
1216 3479 1404 3550 Regimonti,

267 3569 343 3642 18³9,
361 3588 388 3642 p.
407 3569 611 3711 8(isindblimalz
623 3655 654 3708 in
667 3608 804 3708 iduelleri
815 3651 977 3708 Handbuch
990 3651 1017 3705 d.
1030 3651 1118 3706 klass.
1130 3649 1401 3705 Alterthumswiss.

370 3659 380 3689 8

268 3745 292 3811 2,
305 3761 332 3814 p.
345 3659 405 3798 mi.

371 3829 393 3898 ⁴)

411 3827 462 3883 cfr
479 3828 500 3883 J
505 3827 606 3880 ulios
625 3826 712 3880 Brix
730 3826 768 3879 ad
785 3825 882 3879 Plaut.
900 3824 962 3878 Mil.
980 3824 1054 3894 glor.
1072 3823 1131 3875 689.

730 4103 936 4113 ——.-—-
