3188 4944
292 299 335 363 42

250 488 287 548 to
332 481 470 569 saepius
515 481 641 546 dixerit
685 480 878 565 LucretiuS,
924 481 993 547 iam
1034 503 1138 569 supra
1149 483 1176 568 l)
1220 479 1381 546 vidimus.

251 583 353 663 Quod
376 605 455 648 cum
476 584 528 649 ita
550 584 606 666 sit,
631 604 776 668 cumque
799 584 826 663 I,
851 586 923 663 157,
945 587 1018 662 266,
1039 586 1113 665 542,
1129 586 1201 664 544,
1218 584 1290 662 674,
1309 585 1382 662 757,

252 690 325 770 858,
359 687 404 764 ΙΙ,
439 690 512 770 287,
540 685 607 751 5151
630 686 728 750 nulla
750 686 1000 772 impedimento
1022 688 1092 752 fuit
1114 686 1343 765 5511155155,
1366 705 1382 749 5

250 789 545 877 praepositionem
567 810 637 854 non
660 787 838 853 admiserit
860 788 1054 872 Lucretius,
1078 788 1139 854 sed
1159 789 1192 854 51
1207 786 1382 875 praeposi·

251 893 341 957 tioni
368 891 575 978 praetulerit
597 890 635 956 dc
656 891 958 977 praepositionem,
982 892 1100 957 nescio
1124 913 1168 956 an
1191 889 1285 956 haud
1307 890 1382 954 5155

254 993 556 1060 verisimilitudine
579 993 734 1058 dubitari
756 991 870 1071 liceat,
893 999 1138 1080 usurpassetne
1161 992 1215 1058 his
1242 992 1281 1079 (l,
1310 996 1381 1075 150,

253 1099 324 1179 785,
353 1099 429 1178 669)
453 1096 539 1161 10515
561 1117 577 1161 5
602 1095 894 1183 praepositionem
916 1104 1020 1182 poeta
1043 1102 1169 1180 noster,
1194 1095 1297 1160 modo
1320 1116 1383 1182 per

250 1209 399 1264 metrum
420 1197 496 1264 fieri
517 1199 700 1284 potuisset,
723 1205 762 1262 ut
785 1198 822 1263 cle
845 1197 1078 1264 adhiberetur.

353 1301 427 1369 Iam
450 1322 530 1366 vero
554 1301 712 1385 exempla
735 1301 978 1382 enumeraturi,
999 1301 1037 1365 in
1053 1300 1180 1386 quibus
1195 1323 1237 1366 ex
1252 1305 1383 1366 muta-

252 1404 405 1469 tionem
438 1403 581 1483 indicat,
604 1404 751 1490 primum
777 1403 894 1468 adfero
918 1403 977 1488 IV,
1003 1406 1062 1470 821
1087 1403 1157 1469 5115
1180 1425 1218 1468 ex
1240 1403 1309 1468 alic
1332 1403 1383 1467 fa·

252 1506 323 1571 cies
347 1511 511 1590 aetasque
533 1510 700 1592 sequatur,
725 1505 817 1589 quod
840 1506 1036 1592 exemplum
1051 1507 1175 1572 mirum
1191 1507 1228 1571 in
1244 1505 1381 1570 modum

254 1607 353 1694 quasi
385 1608 538 1673 medium
561 1615 660 1673 tenet
683 1608 798 1673 locum
820 1607 912 1673 inter
934 1610 1091 1696 exempla
1112 1607 1382 1695 temporalem

251 1712 322 1777 vim
363 1710 565 1804 exhibentia
606 1719 641 1775 et
681 1710 838 1797 exempla
864 1713 1148 1778 ¹mutationem
1181 1709 1383 1776 indicantia.

252 1813 388 1879 Dubius
419 1813 512 1878 enirn
534 1813 669 1892 haereo,
692 1813 749 1878 hie
772 1835 817 1878 an
839 1812 899 1878 1115
924 1836 1044 1878 sensus
1068 1813 1150 1879 huic
1173 1813 1250 1878 loco
1273 1812 1384 1877 tribu-

201 1978 205 1991 ,
252 1917 362 1982 andus
399 1915 455 1981 sit.
501 1916 577 1981 Hoc
612 1925 653 1981 ut
690 1913 882 1982 statuamus
919 1938 959 1981 55
992 1915 1199 1982 adducimur
1220 1938 1265 1994 15,
1290 1913 1383 1999 quod

252 2020 357 2108 paulo
393 2027 474 2084 anta
511 2018 739 2106 praecedunt:
774 2019 898 2102 femiae
932 2009 1020 2105 quae
1055 2019 1127 2084 fuit
1159 2022 1237 2085 cate
1267 2057 1308 2066 -
1330 2017 1384 2082 vir

253 2162 294 2170 —
337 2122 447 2205 factus
487 2122 657 2207 videatur,
694 2120 738 2186 ad
772 2121 861 2186 illud
897 2127 1014 2187 autem
1048 2119 1266 2199 inclinamus,
1304 2142 1382 2185 cum

253 2224 544 2310 significationem
588 2224 814 2311 temporalem
846 2231 1003 2310 sequatur
1035 2225 1132 2290 vocis
1165 2223 1379 2311 respicimus.

253 2326 473 2413 Quapropter
495 2328 625 2414 optime
648 2328 795 2392 fortasse
817 2328 869 2392 151
891 2327 1114 2404 0055511555,
1138 2328 1168 2392 51
1190 2348 1301 2411 neque
1317 2326 1378 2390 hoo

251 2451 364 2514 neque
400 2428 487 2495 illud
521 2429 631 2495 solum
665 2430 1379 2516 51005110516155555551151155555

253 2553 391 2597 sensum
415 2531 470 2596 his
492 2531 579 2596 locis
603 2531 712 2597 tribui
735 2553 835 2618 posse
859 2533 1054 2597 statuimus

356 2633 559 2719 Sequuntur
581 2635 750 2720 exempla,
772 2635 809 2698 in
833 2634 957 2720 quibus
980 2656 1019 2701 ea
1043 2634 1138 2700 haud
1161 2633 1267 2700 dubie
1284 2633 1381 2699 adhi-

250 2737 363 2802 bitum
386 2742 439 2802 est
462 2736 505 2801 ad
529 2736 772 2820 „indicandam
792 2738 1060 2802 mutationem
1076 2737 1259 2823 quandam,
1276 2737 1326 2802 ita
1342 2745 1382 2801 ut

253 2861 307 2904 res
331 2839 567 2905 conditionem
592 2845 666 2903 siva
691 2845 850 2906 naturam
873 2839 946 2904 sive
970 2841 1127 2919 formam,
1145 2862 1248 2925 quam
1264 2840 1382 2921 habet,

250 2943 427 3028 relinquat
450 2953 511 3008 aut
533 2943 671 3008 amittat
694 2948 728 3007 et
752 2943 855 3008 aliam
878 2943 1024 3008 induat“
1037 2944 1073 3029 ²).

353 3045 398 3123 ΙΙ,
436 3049 498 3113 778
536 3067 639 3130 saepe
675 3045 816 3111 01151115
850 3035 965 3128 formis
992 3083 1024 3092 —
1049 3045 1193 3129 efficitur
1217 3045 1382 3131 quiddam

251 3151 459 3236 quadratum.
489 3149 551 3214 Gfr
591 3146 656 3227 Ill,
696 3151 769 3226 761,
805 3149 874 3214 186.
909 3147 968 3224 IV,
998 3151 1070 3215 325.
1104 3147 1167 3226 ΙΙΙ,
1200 3150 1272 3233 545,
1309 3151 1381 3228 704,

251 3243 323 3319 965.
346 3250 373 3330 Ι,
397 3253 469 3335 630,
494 3254 566 3319 661.

353 3353 420 3419 Η15
448 3353 670 3419 adiciendum
692 3375 763 3418 non
784 3360 836 3418 est
851 3352 902 3417 ed.
917 3353 994 3438 Bip.
1012 3352 1039 3428 Ι,
1055 3355 1118 3419 912
1133 3355 1314 3439 permagni
1329 3375 1381 3418 re·

250 3458 342 3523 farre
374 3456 493 3522 eadem
526 3457 716 3544 primordia
739 3478 841 3543 saepe
864 3477 942 3521 cum
966 3455 1093 3540 quibus
1115 3463 1150 3520 et
1173 3457 1267 3540 quali
1290 3457 1380 3542 posi·

249 3568 328 3626 tura
350 3559 597 3625 contineantur
619 3567 653 3624 et
676 3580 762 3645 quos
784 3559 877 3622 inter
900 3580 936 3622 se
959 3557 1044 3623 dent
1058 3565 1174 3624 motus
1190 3558 1381 3646 accipiant-

251 3685 329 3747 que,
363 3669 467 3748 atque
501 3661 620 3727 eadem
653 3661 758 3748 paulo
790 3660 883 3725 inter
905 3682 941 3725 se
964 3667 1098 3725 mutata
1120 3681 1228 3727 creare
1250 3663 1382 3744 105555

252 3766 359 3852 liquis,
402 3764 604 3830 Lachmann
638 3764 731 3829 enim
762 3768 990 3828 correctorem
1013 3763 1175 3849 quadrati
1195 3763 1381 3830 Wakefiel-

251 3868 401 3952 dumque
436 3875 577 3933 secutus
611 3866 769 3931 codicum
797 3866 888 3951 iquos
920 3887 935 3932 e
967 3866 1096 3952 1195515
1117 3866 1154 3930 15
1178 3867 1268 3951 19555
1291 3870 1321 3930 et
1343 3864 1381 3929 li·

248 3991 352 4057 9555
389 3970 550 4038 mutavit.
605 3968 701 4046 Quae
736 3967 876 4054 quidem
900 3968 1100 4033 coniectura
1122 3968 1209 4034 mihi
1231 3967 1380 4033 maxime

353 4145 373 4210 ¹)
392 4141 458 4197 Vid.
481 4139 516 4216 ad
535 4155 562 4209 p.
581 4139 622 4192 32.

353 4230 374 4296 ²)
393 4227 626 4296 Kampmann,
645 4241 671 4294 p.
691 4225 731 4279 18.
