3188 4944
1267 389 1306 450 21

224 579 301 646 leri
325 578 487 663 origine
509 576 709 641 flammae
732 574 819 640 luci
841 574 1013 640 exitium
1036 573 1184 640 celant
1205 573 1227 642 i.
1250 573 1360 664 enlu·

225 704 309 748 cem
331 680 562 768 prohibent
583 675 807 764 quominus
823 677 1191 765 interrumpatur1)
1207 679 1280 762 (vv.
1296 680 1359 745 299

326 886 396 952 Sed
419 905 627 970 quamquam
642 882 797 950 nondum
812 882 867 966 iis,
884 902 972 967 quaa
988 880 1102 948 adhuc
1117 881 1231 960 attuli,
1248 902 1361 946 exem-

224 989 293 1074 plis
318 989 504 1075 quicquam
526 1007 649 1052 causae
671 985 859 1072 protulisse
882 983 970 1050 mihi
992 982 1123 1060 videor,
1147 1005 1209 1049 eur
1224 983 1265 1051 ab
1280 1006 1359 1049 cum

225 1090 380 1156 ablativo
402 1113 466 1178 pro
489 1089 563 1155 solo
587 1089 742 1155 ablativo
767 1087 949 1153 admiserit
970 1087 1166 1167 Lucretius,
1185 1109 1229 1152 ex
1244 1108 1359 1152 exem-

223 1193 302 1280 plis,
326 1193 370 1258 ad
393 1215 481 1280 quae
504 1191 686 1258 tractanda
707 1191 778 1256 iam
799 1191 870 1256 iam
892 1191 1010 1256 sumus
1028 1189 1238 1277 aggressuri,
1258 1209 1359 1276 spero

225 1297 299 1360 fore
334 1301 375 1360 ut
408 1294 535 1361 evadat
568 1293 763 1360 consulto
786 1292 1031 1358 Lucretium
1054 1292 1132 1357 hoe
1153 1291 1360 1378 loquendi

224 1420 356 1484 genus
380 1398 604 1484 recepisse.

326 1501 467 1565 Etenim
499 1499 559 1583 VI,
595 1502 657 1567 709
693 1507 810 1578 („11am
844 1520 958 1583 neque
992 1519 1073 1563 eum
1094 1498 1187 1563 ferro
1210 1518 1274 1562 nec
1297 1495 1362 1561 fri-

224 1625 307 1690 gore
329 1602 469 1667 vincere
492 1601 619 1688 possis)
640 1602 803 1668 interiissc
824 1623 937 1686 neque
960 1621 981 1666 a
1003 1601 1109 1667 morbo
1130 1621 1246 1685 neque
1269 1599 1360 1664 torte

223 1711 381 1771 veneno“
415 1705 446 1769 si
480 1704 558 1791 quis
592 1725 634 1769 ea
657 1703 855 1768 offendetur
887 1725 933 1788 re,
965 1704 1057 1789 quod
1080 1725 1101 1770 a
1123 1702 1231 1769 morbo
1253 1701 1361 1787 scrip·

224 1809 271 1874 sit
303 1808 498 1886 Lucretius,
523 1829 602 1872 oum
634 1813 752 1872 tamen
786 1805 936 1871 eadem
971 1806 1015 1870 in
1039 1803 1360 1871 enuntiatione

223 1911 355 1976 nudum
378 1910 572 1976 ablativum
592 1909 824 1996 usurpaverit,
849 1930 958 1994 eaque
981 1931 1018 1974 re
1040 1909 1156 1975 nitens
1179 1906 1360 1973 metricam

223 2013 394 2077 rationem
417 2011 475 2076 hic
496 2011 650 2077 valuisse
674 2010 871 2090 contendet,
896 2010 981 2075 satis
996 2011 1140 2080 ,habebo
1165 2011 1198 2077 ei
1217 2029 1360 2095 respon-

228 2115 308 2179 dere
330 2116 417 2180 alios
440 2136 578 2200 quoque
601 2115 785 2200 scriptores
813 2119 918 2199 atque
946 2113 1032 2180 adeo
1055 2114 1267 2200 aequales
1286 2111 1362 2176 Lu·

228 2219 357 2282 cretii
371 2239 691 2304 nonnumquam
707 2224 816 2282 certe
834 2217 878 2281 in
894 2238 975 2281 una
991 2217 1217 2302 eademque
1235 2236 1363 2280 enun-

202 2316 422 2396 tiatione
459 2342 626 2386 causam
658 2320 780 2386 modo
814 2319 923 2384 nudo
955 2319 1155 2385 ablativo
1177 2317 1299 2383 modo
1322 2317 1362 2386 ab

223 2423 565 2508 praepositione
609 2445 698 2489 cum
746 2422 950 2487 ablativo
998 2425 1260 2487 constructa
1297 2442 1363 2485 ex·
1432 2468 1434 2472 -

225 2526 447 2609 pressisse
482 2527 556 2613 (Olr
588 2527 705 2610 Cicera,
741 2526 783 2592 de
818 2525 875 2590 off.
909 2525 935 2600 I,
959 2527 1010 2609 20,
1034 2528 1075 2592 68
1099 2524 1159 2610 qui
1181 2528 1270 2590 meta
1290 2543 1363 2588 non

228 2629 417 2714 frangatur,
442 2652 522 2695 eum
544 2630 660 2716 frangi
684 2629 872 2712 rapiditate,
895 2627 956 2713 qui
978 2627 1151 2693 invictum
1165 2650 1201 2693 se
1218 2647 1239 2694 a
1256 2626 1361 2692 labore

226 2732 450 2818 praestiterit,
484 2733 580 2798 vinci
602 2753 623 2799 α
645 2732 824 2816 voluptate3
858 2729 973 2810 Varro,
997 2752 1023 2796 r.
1047 2752 1074 2796 r.
1097 2732 1126 2812 1,
1148 2733 1199 2813 59,
1230 2728 1361 2815 2quod

228 2834 462 2919 spectaculum
497 2834 602 2900 datur
630 2835 669 2900 ot
692 2839 772 2913 arte,
797 2856 859 2899 cur
879 2854 951 2898 non
974 2832 1068 2919 quod
1090 2837 1217 2899 uotiua
1241 2832 1362 2898 datum

231 2935 324 3023 cett.)
379 2936 529 3002 Accedit
563 2936 657 3023 quod
690 2958 712 3004 o
744 2935 851 3002 morbo
876 2935 989 3020 perire
1021 2936 1127 3000 etiam
1161 2934 1362 3000 Cornelium

225 3038 397 3124 Nepotem
421 3039 550 3104 dixisse
561 3043 589 3123 2)
612 3062 713 3105 nemo
736 3040 859 3105 nescit.
895 3039 990 3118 Quae
1015 3060 1093 3104 cum
1114 3038 1166 3104 ita
1188 3039 1268 3123 sint,
1292 3061 1363 3103 me-

226 3142 351 3206 tricam
384 3142 556 3208 rationem
589 3143 647 3208 hic
679 3143 834 3210 valuisse
855 3141 1067 3229 negaverim,
1090 3141 1360 3228 Lucretiumque

230 3244 387 3309 consulto
422 3251 527 3329 atque
562 3246 647 3312 adeo
681 3246 957 3313 elocutionis
990 3245 1225 3311 variandae
1259 3265 1362 3311 causa

109 3429 113 3435 Ι
228 3347 487 3432 praepositione
527 3370 628 3414 usum
670 3371 745 3414 esse
782 3354 878 3436 pute.
919 3387 960 3396 -
1000 3349 1109 3415 Plane
1146 3348 1267 3413 eadem
1309 3353 1363 3413 est

232 3448 438 3514 condicione
476 3452 536 3532 VI,
575 3454 638 3519 874
662 3473 701 3537 sq
739 3457 919 3538 praeterea
957 3451 1033 3518 aclis
1070 3451 1177 3518 radiis
1215 3452 1362 3517 iactatur
1413 3437 1417 3446 ’

230 3552 332 3635 aquai
366 3573 464 3618 umor
496 3560 531 3618 et
565 3554 602 3618 in
624 3555 738 3620 lucem
760 3554 909 3620 tremulo
932 3555 1070 3621 rarescit
1089 3554 1130 3622 ot
1153 3559 1255 3632 cestu,
1278 3575 1361 3638 quo-

230 3675 308 3718 cum
342 3656 501 3722 conferas
534 3657 641 3722 velim
676 3657 944 3723 Ciceronianum
977 3657 1067 3723 illud
1094 3657 1222 3725 calescit
1254 3656 1293 3724 ab
1326 3677 1362 3723 eo

229 3756 351 3838 spirita
374 3759 442 3836 (De
463 3766 534 3824 nat.
560 3759 652 3825 deor.
676 3764 705 3839 2,
729 3763 780 3838 55,
807 3763 890 3844 138).
913 3799 955 3810 -

331 3861 385 3925 Ne
418 3861 456 3926 in
485 3861 549 3947 HI,
573 3864 637 3928 522
660 3861 799 3947 quidem
822 3863 973 3950 (animus
994 3903 1037 3912 —
1058 3863 1200 3946 flectitur
1222 3883 1244 3929 a
1265 3863 1362 3930 medi·

331 4104 351 4169 ¹)
386 4102 431 4155 De
450 4119 537 4157 serm.
555 4103 641 4157 Lucr.
659 4120 687 4173 p.
704 4103 746 4156 47.

332 4207 352 4272 ¹)
388 4204 439 4258 cfr
458 4205 673 4263 Lachmann.
692 4206 802 4261 Comm.
820 4207 858 4260 ad
876 4206 904 4262 h.
923 4207 943 4263 l.

330 4308 352 4375 ²)
387 4307 432 4361 De
449 4324 511 4378 reg.
528 4310 553 4374 3,
571 4310 595 4362 3.
