3188 4944
1287 361 1327 426 23

228 543 406 626 locutioni
444 543 483 610 ab
516 543 588 628 iqui
621 541 817 606 sententiae
851 541 1066 627 supplendae
1100 565 1205 609 cansa
1238 546 1370 631 cogita·
1421 561 1423 568 ’

228 647 331 711 ‘tione
355 645 578 711 adiciendum
611 666 685 710 esse
709 667 751 709 ex
774 644 900 723 verbis,
925 666 1013 730 quae
1036 652 1269 734 opponuntur,
1294 670 1372 714 eva·

229 748 299 818 dit.
355 748 587 835 Opponuntur
610 758 748 812 autem
784 749 921 832 ferram
958 753 994 812 et
1029 769 1171 830 caraem,
1210 754 1373 820 condurat

184 883 192 902 ·
234 857 271 922 et
304 851 416 931 mollit,
451 850 490 917 ab
530 850 603 936 ipat
635 848 798 938 (subaudi
827 850 999 936 mollitam)
1031 858 1068 917 et
1101 853 1205 921 colore
1238 856 1371 937 dorato,

230 955 324 1020 Cum
357 953 423 1019 hoc
461 953 615 1019 conferri
651 953 736 1018 licet
771 952 939 1018 Varronis
976 955 999 1019 1.
1034 955 1057 1018 l.
1091 955 1152 1039 VI,
1187 962 1235 1027 20·
1262 962 1373 1040 „Oen-

231 1056 349 1132 sualia
382 1044 478 1121 dicta
511 1078 531 1120 a
566 1057 689 1136 Conso,
720 1055 813 1142 quod
836 1062 912 1122 tum
934 1056 1043 1122 feriae
1066 1059 1227 1144 publicae
1250 1065 1282 1128 ci
1307 1064 1372 1131 deo

215 1165 272 1225 ‚et
304 1159 342 1224 in
376 1159 468 1225 circo
504 1158 548 1224 ad
581 1180 675 1224 aram
708 1159 782 1223 eius
816 1158 856 1225 ab
877 1160 1096 1227 sacedotibas
1120 1161 1191 1228 ludi
1211 1164 1273 1243 illi,
1298 1167 1374 1252 qui·

236 1262 302 1330 bus
340 1261 497 1348 virgines
538 1260 689 1327 Sabinae
725 1267 877 1349 raptae“,
916 1263 977 1328 nbi
1014 1263 1117 1336 ,verbi
1151 1267 1374 1350 omissionem

231 1365 447 1432 Varroniani
471 1365 639 1431 sermonis
662 1365 887 1450 neglegentia
909 1372 944 1431 et
966 1366 1139 1432 brevitate
1163 1370 1248 1435 satis
1271 1393 1373 1438 exeu-

232 1469 307 1544 sari
331 1467 491 1534 Boeasaer
502 1468 527 1555 1)
552 1467 647 1533 dicit.
694 1466 796 1546 Quod
818 1490 896 1534 oum
919 1468 970 1539 ita
992 1469 1047 1548 sit,
1073 1469 1202 1537 dubito
1220 1494 1265 1540 an
1279 1481 1374 1540 uter·

231 1594 304 1658 que
338 1573 487 1661 scriptor
519 1571 712 1636 locutiones
739 1569 802 1636 has
826 1569 999 1657 ellipticas
1021 1593 1092 1636 uno
1115 1573 1305 1661 eodemque
1330 1599 1373 1643 ex

232 1677 335 1742 fonte
367 1697 450 1741 usus
486 1673 667 1739 cuiusdam
703 1671 873 1738 cotidiani
900 1673 1066 1752 hauserit,
1091 1674 1183 1743 sicut
1206 1679 1312 1744 etiam
1335 1681 1373 1745 in

232 1777 453 1845 abundantia
487 1775 676 1862 quadam2)
705 1799 749 1841 ex
765 1797 836 1864 usu
860 1775 997 1862 vulgari
1020 1777 1114 1844 haud
1138 1779 1244 1845 dubie
1268 1781 1373 1849 dedu·

228 1882 347 1950 ¹eenda
362 1867 572 1946 'concinunt
601 1878 835 1944 Lucretianus
859 1885 975 1944 tamen
997 1879 1095 1945 locus
1122 1882 1226 1965 paulo
1254 1883 1373 1951 durior
1413 1923 1414 1929 κ

236 1984 454 2050 Varroniano
489 2003 529 2047 eo
564 1987 627 2062 est,
652 1981 745 2067 qnod
764 1981 851 2046 'non
880 1981 992 2046 solum
1014 1982 1207 2070 ellipticam
1228 1987 1373 2072 praebet

235 2087 461 2161 locutionem,
486 2084 547 2150 sed
570 2085 676 2154 etiarn
698 2085 738 2152 ab
756 2085 1052 2170 praepositionem
1075 2087 1209 2152 nomini
1231 2089 1291 2154 rei
1314 2089 1373 2156 ad-

236 2188 349 2253 ditam
384 2187 542 2268 exhibet3
565 2188 603 2252 in
629 2188 844 2256 Varroniano
867 2186 929 2274 illo
954 2193 1110 2276 exemplo
1134 2190 1173 2256 ab
1204 2213 1283 2258 oum
1310 2215 1373 2259 no·

238 2287 332 2360 mine
370 2312 578 2377 personae
619 2290 844 2356 coniunctum
883 2291 973 2355 nihil
1013 2292 1177 2359 inusitati
1197 2331 1198 2334 =
1215 2294 1371 2380 praebet·

233 2379 421 2459 Lucretius
455 2401 570 2460 autem
596 2393 691 2480 'quin
724 2393 788 2459 hoo
823 2415 959 2480 quoque
986 2395 1062 2460 1000
1085 2395 1379 2463 variationem¹

238 2496 453 2582 loquendi,
491 2497 534 2562 de
570 2518 639 2582 qua
677 2518 782 2583 supra
795 2496 821 2583 ³)
859 2496 1095 2578 disseruimus²
1135 2504 1287 2564 sectatus
1326 2501 1373 2565 sit

236 2599 304 2678 (cir
338 2598 377 2666 ab
392 2600 473 2686 1901
494 2639 535 2649 -
557 2599 688 2684 calore),
722 2599 783 2664 vix
814 2598 972 2665 dubitari
1005 2606 1129 2688 potest.
1174 2601 1268 2667 Huic
1292 2603 1368 2668 loco

237 2702 437 2768 simillimus
474 2709 528 2768 est
560 2703 657 2768 leons
688 2703 729 2782 V,
767 2705 849 2770 1106
882 2701 1061 2789 vitamque
1095 2705 1246 2791 priorem
1278 2727 1372 2772 oom-

237 2812 372 2870 mutare
394 2805 495 2870 novis
510 2805 752 2870 monstrabant
766 2804 869 2869 rebus
892 2803 932 2870 ab
953 2806 1075 2892 19014).
1095 2845 1134 2856 —
1150 2807 1273 2892 Neque
1288 2829 1372 2874 vero

237 2909 283 2974 iis
316 2914 463 2991 tantum,
494 2930 582 2993 quae
615 2907 729 2996 adhue
751 2908 990 2992 tractavimus,
1013 2912 1182 2998 exemplis
1205 2932 1288 2977 usus
1311 2911 1372 2976 ille

232 2995 411 3098 ellipseoS,
435 3032 538 3097 quem
573 3012 641 3076 iam
676 3010 813 3098 saepius
837 3012 1116 3091 commemoravi,
1142 3013 1372 3079 Lucretianus

237 3112 447 3193 illustratur,
482 3113 543 3179 sed
577 3114 734 3202 exemplo
767 3114 915 3179 maxime
938 3114 1092 3182 mirabili
1124 3115 1226 3182 valde
1250 3116 1372 3182 confir·

232 3222 355 3281 ,matur
377 3215 442 3282 hoc
464 3217 525 3295 IV,
552 3219 632 3286 1168
655 3213 695 3283 at'
717 3217 840 3295 Lamia
855 3224 891 3283 et
905 3239 1092 3284 mammosa
1109 3219 1282 3306 Ceresest
1296 3221 1372 3308 ipsa

239 3427 446 3436 *—

345 3559 365 3625 1)
400 3558 444 3613 De
463 3561 514 3630 Ab,
534 3559 586 3624 De,
604 3561 650 3614 Ex
667 3578 785 3632 praapp.
803 3578 860 3615 usu
881 3561 1037 3632 Varronp
1064 3562 1105 3629 23,
1123 3579 1220 3632 supra.

344 3679 367 3742 ²)
405 3678 467 3732 Vid.
486 3679 520 3732 ad
540 3697 567 3750 p.
586 3681 626 3734 24.

346 3800 367 3866 ⁸)
402 3798 467 3852 vid.
487 3800 524 3853 ad
544 3817 590 3870 pp.
609 3802 642 3854 21
662 3819 703 3870 sq.

322 3918 365 3986 ·⁴)
400 3917 446 3972 Sic
473 3937 540 3973 oum
559 3920 713 3975 Holtzio
733 3921 811 3975 edidi
830 3939 866 3976 ex
884 3921 1088 3976 emendatione
1107 3920 1271 3988 Goebeli,
1291 3921 1374 3975 cuiue

239 4006 340 4055 tamen
367 4002 425 4057 viri
444 4003 552 4059 librum
571 4006 665 4076 illum,
685 4023 772 4076 quem
791 4007 862 4061 citat
879 4006 1025 4066 Holtze,
1044 4006 1075 4059 in
1094 4022 1175 4059 meas
1192 4023 1296 4060 manus
1315 4023 1383 4060 non·

240 4087 359 4141 venisse
387 4089 480 4144 doleo
517 4091 722 4147 Lachmann
748 4093 882 4147 codicum
908 4091 986 4146 rebus
1003 4091 1105 4164 stipat
1122 4095 1154 4146 in
1177 4091 1249 4146 rebu'
1267 4091 1374 4163 0601901

239 4172 376 4228 mutavit.
