3188 4944
1262 363 1283 428 3

196 573 236 618 en
257 571 377 631 somna,
400 573 416 617 e
439 550 563 634 spatiis,
588 571 604 614 e
625 548 777 633 sapienti,
801 570 817 614 e
839 549 934 628 salsa,
958 548 1046 628 aliis,
1072 547 1133 613 sed
1156 549 1261 614 etiam
1284 549 1325 613 in

196 676 276 719 uno
308 654 526 739 eodemque
559 653 692 735 verbo,
715 659 756 716 ut
784 675 834 718 ex.
857 674 907 738 gr.
930 673 969 717 aa
991 672 1115 720 samma
1137 650 1200 738 (IV
1222 653 1328 734 86),e

197 779 320 823 stemma
353 758 408 843 (V,
441 761 534 841 1125,
568 757 632 834 III,
670 756 775 841 1001).
820 756 912 821 Num
934 755 1109 840 igitur-
1129 754 1262 818 utiam
1284 754 1329 819 ad

197 882 281 938 eam,
316 860 358 924 de
391 882 461 946 qua
492 860 632 946 proprie
665 859 792 945 agitur,
827 858 1118 944 praepositionem
1147 855 1327 921 redeamus

198 1002 238 1010 —
268 985 361 1040 num,
388 964 539 1048 inquam,
565 963 752 1047 quicquam
775 966 828 1025 est
851 961 943 1046 quod
966 959 1184 1026 offendamur
1206 960 1329 1024 incon-

197 1066 327 1130 stantia
349 1066 407 1130 vel
427 1067 546 1152 potius
569 1064 764 1130 variatione
787 1063 995 1128 elocutionis
1016 1063 1175 1128 Lucretii
1197 1062 1236 1129 ab
1255 1065 1327 1144 sole,

197 1169 312 1250 asch,
335 1169 374 1234 ab
396 1190 436 1250 se,
461 1190 482 1235 a
503 1189 536 1233 se
558 1167 753 1253 promiscue
776 1164 997 1230 adhibentis?
1030 1166 1185 1230 Minime.
1218 1165 1327 1230 Immo

197 1271 287 1336 hanc
319 1273 432 1356 ipsam
465 1269 735 1335 inconstantiam
767 1267 811 1332 ab
837 1267 956 1354 indole
977 1267 1180 1332 Lucretiam
1203 1288 1327 1333 sermo·

196 1375 252 1438 nis
276 1375 415 1439 minime
438 1373 683 1438 abhorrentem
704 1371 799 1456 apud
821 1371 1002 1454 aequalem
1023 1371 1181 1436 Lucretii
1202 1371 1328 1436 Varro-

197 1499 277 1541 nem
309 1475 607 1562 deprehendimus,
630 1495 709 1538 eum
732 1494 872 1558 quoque
895 1473 957 1538 has
980 1473 1109 1538 formas
1132 1472 1328 1558 promiscue

198 1579 421 1644 adhibentem
434 1579 469 1664 ¹).
515 1577 673 1660 Denique
706 1576 745 1640 in
777 1575 822 1660 II,
850 1578 931 1641 1135
955 1575 1065 1640 codex
1086 1575 1277 1661 quadratus
1299 1579 1331 1639 et

199 1702 221 1747 a
242 1702 274 1746 se
295 1682 448 1766 praebet,
473 1703 550 1745 cum
574 1680 745 1764 oblongus
768 1679 873 1743 habet
894 1683 984 1744 aetas
1005 1700 1031 1760 e,
1056 1700 1161 1763 quam
1184 1677 1329 1763 oblongi

199 1784 406 1869 scripturam
447 1807 490 1848 ex
523 1788 554 1848 et
584 1803 605 1848 a
636 1802 668 1846 se
701 1804 805 1867 quam
839 1804 881 1846 ex
913 1787 945 1846 et
975 1781 1015 1847 ab
1047 1802 1079 1846 se
1112 1786 1223 1845 ortam
1256 1801 1330 1845 esse

200 1886 423 1952 verisimilius
463 1886 551 1951 mihi
591 1885 739 1950 videtur.
796 1885 892 1962 Quae
932 1906 1010 1949 cum
1048 1884 1099 1949 ita
1131 1884 1212 1960 sint,
1246 1882 1331 1947 locis

198 2009 303 2075 supra
324 1989 439 2054 allatis
464 2011 552 2074 quae
574 1987 759 2052 traduntur
780 2011 801 2052 a
823 1988 1001 2052 codicibus
1025 2008 1097 2051 non
1112 1986 1234 2051 dubito
1249 1985 1332 2049 reti-

198 2114 290 2157 nere.
334 2092 377 2156 In
398 2092 458 2174 IV,
481 2093 544 2158 288
567 2090 831 2156 Lachmannum
855 2097 992 2155 secutus
1015 2113 1059 2154 ex
1082 2089 1225 2174 oblongi
1241 2086 1330 2152 codi-

154 2238 159 2248 -
201 2196 251 2258 cis
279 2216 320 2261 av
347 2195 473 2276 speccdo
495 2199 616 2259 contra
638 2201 863 2258 correctorem
886 2192 1030 2279 oblongi
1053 2200 1088 2257 et
1114 2191 1331 2277 quadratum,

200 2297 367 2380 aspectio
390 2295 605 2373 exhibentes,
628 2295 668 2362 ab
689 2296 814 2379 speculo
838 2295 942 2360 edidi.

306 2398 376 2464 Sed
415 2405 601 2483 antequam
634 2397 673 2464 ab
701 2398 970 2484 praepositionis
1004 2396 1205 2462 tractandae
1228 2395 1333 2460 finem

202 2501 358 2584 facimus,
383 2501 425 2565 de
449 2502 621 2568 aar-forma
642 2523 754 2587 pauca
777 2501 902 2566 addere
925 2501 1023 2567 libet.

305 2603 464 2684 Namque
497 2602 616 2666 variae
649 2589 790 2668 dehac
823 2602 934 2668 forma
967 2604 1060 2667 inter
1091 2603 1186 2667 viros
1210 2600 1329 2666 doctos

203 2710 343 2768 exstant
376 2705 578 2769 sententiae.
621 2705 674 2769 Ac
707 2693 789 2771 uero
813 2707 987 2771 Ocrssen
1010 2712 1044 2771 et
1067 2705 1185 2770 Stolz
1209 2726 1255 2771 au
1277 2725 1332 2769 ea-

203 2809 281 2873 dem
304 2829 347 2871 ex
368 2807 485 2871 radice
508 2814 612 2892 atque
636 2808 839 2872 sanseritam
858 2807 1160 2893 praepositionem,
1178 2812 1335 2892 quaeest

202 2932 274 2990 ava,
306 2909 482 2974 exstitisse
507 2908 628 2973 dicunt
639 2911 675 2992 2),
699 2909 868 2974 Kithner
889 2915 1006 2974 autem
1027 2930 1073 2975 aa
1095 2931 1138 2973 ex
1160 2909 1202 2992 af
1220 2914 1333 2972 ortum

203 3035 278 3078 esse
291 3015 318 3088 ³)
347 3012 447 3093 dicit;
472 3012 510 3076 in
532 3033 573 3076 ea
594 3034 631 3075 re
655 3011 887 3090 consentiunt,
912 3009 1005 3096 quod
1028 3032 1074 3078 aa
1095 3033 1165 3076 non
1189 3012 1335 3077 formam

204 3116 243 3180 ub
264 3116 541 3201 praepositionis,
565 3114 626 3179 sed
650 3115 753 3180 aliam
775 3115 1077 3200 praepositionem,
1095 3115 1138 3180 ab
1154 3115 1194 3181 ab
1209 3114 1336 3179 discer-

205 3217 354 3280 nendam
387 3207 461 3284 esse
495 3225 684 3284 autumant.
729 3217 829 3284 Sitne
863 3217 1046 3283 Oorssenio
1077 3225 1113 3282 et
1135 3217 1266 3282 Stolzio
1291 3239 1335 3281 an

204 3317 372 3382 Kuhnero
395 3321 664 3398 assentiendum,
680 3321 717 3384 in
734 3320 848 3385 medio
863 3321 1033 3404 relinquo,
1049 3327 1228 3406 totamque
1244 3319 1335 3384 hanc

206 3420 444 3506 quaestionem
464 3425 605 3488 missam
620 3423 724 3506 facio,
740 3443 819 3487 cum
833 3445 887 3486 res
902 3422 1103 3488 huiusmodi
1117 3423 1335 3508 phoneticae,

206 3521 309 3609 quae'
328 3530 506 3603 vocantur,
540 3547 611 3589 non
648 3527 719 3591 sint
752 3525 821 3588 mei
855 3524 987 3589 iudicii.
1031 3524 1073 3589 Id
1106 3531 1243 3610 tantum
1265 3544 1335 3588 non

204 3648 345 3713 possum
377 3649 447 3692 non
479 3626 602 3706 dicere,
636 3627 738 3692 valde
771 3649 825 3692 me
860 3627 1030 3705 dubitare,
1072 3634 1228 3693 exstetne
1262 3647 1335 3690 ver·

309 3905 329 3972 ¹)
347 3903 538 3966 Roessner,
556 3901 601 3954 De
614 3901 666 3967 Ab,
684 3900 737 3970 De,
756 3900 800 3954 Ex
813 3899 1062 3970 praepositionum
1077 3916 1133 3952 usu
1147 3898 1336 3966 Varroniano,

207 3987 292 4040 Halis
311 3990 471 4055 Saxonum,
488 3989 565 4053 1888,
583 4003 611 4057 p.
627 3989 669 4040 30.

309 4074 330 4143 ²)
348 4073 421 4126 Ueb.
444 4073 641 4143 Aussprache,
662 4073 821 4128 Volrelism.
839 4090 867 4128 u.
886 4072 990 4126 Baton.
1008 4072 1036 4126 d.
1053 4071 1119 4125 Lat.
1137 4069 1337 4140 Spr.1,p.157

208 4174 270 4225 sqq.
288 4163 317 4211 et
336 4159 412 4212 Krit.
431 4158 521 4213 Beitr.
536 4178 562 4230 p.
582 4160 632 4212 ⁵11
650 4178 712 4229 sqq.
747 4160 771 4215 1.
790 4159 965 4213 Muelleri
984 4158 1099 4212 Handb.
1118 4162 1172 4209 etc.
1185 4155 1223 4225 11,
1238 4171 1265 4224 p.
1278 4153 1337 4206 293.

310 4245 331 4312 ³)
349 4245 501 4298 Ausl'hhrl.
520 4245 648 4299 Gramm.
667 4245 694 4300 d.
712 4245 761 4299 lat.
778 4246 841 4314 Spr.
860 4247 880 4313 l,
898 4261 926 4314 p.
944 4245 1028 4312 617,5.
