3188 4944
1226 360 1266 424 13

173 547 321 634 praebet
361 547 459 630 cicfer
488 545 615 622 abhinc,
649 541 887 608 locutionibus
920 545 1034 610 inesse
1068 545 1207 609 videtur
1239 565 1308 608 ma-

173 650 266 714 xime
289 648 530 714 Lucretianis:
553 652 702 733 retroque
723 651 878 712 rcccccot
899 649 965 736 (ex.
981 670 1032 732 gr.
1055 648 1097 732 V,
1113 649 1193 733 269)
1208 651 1310 712 rctrc-

175 773 237 837 que
257 751 380 818 recellit
402 753 471 834 (ex.
494 771 523 815 o.
547 750 607 834 VI,
630 752 720 834 513),
743 753 890 832 retroque
904 788 947 799 —
961 759 1180 830 rcnwusumet,
1199 753 1265 834 (ex.
1280 772 1308 814 c.

175 854 220 934 H,
255 854 343 940 516).
388 854 499 933 Quam
535 852 580 917 ob
613 874 687 917 rem
719 851 796 916 fieri
829 873 901 917 non
922 859 1048 938 potest,
1071 853 1156 939 quin
1178 852 1309 919 locutio
1363 831 1373 852 ’

176 978 265 1042 quae
286 964 340 1021 est
361 955 461 1037 aufer
482 954 600 1022 abhinc
621 954 824 1019 Lucretium
847 955 971 1041 sapiat.

278 1160 372 1225 Huic
402 1158 599 1246 quaestioni
631 1159 776 1224 adnecto
810 1159 918 1224 verba
942 1180 1018 1223 eum
1043 1159 1083 1226 cb
1106 1160 1307 1246 composita,

176 1263 306 1348 quibus
329 1262 419 1328 aliae
440 1260 717 1348 praepositiones
741 1259 988 1345 adiunguntur.

280 1365 396 1431 Verba
429 1385 507 1429 cum
540 1362 580 1430 cb
614 1362 805 1448 composita
837 1363 875 1428 cle
907 1365 1202 1450 praepositionem
1230 1385 1308 1429 cum

176 1491 257 1534 casu
288 1468 510 1534 coniunctam
540 1465 608 1532 sibi
630 1464 846 1530 adsciscunt:
880 1466 939 1542 IV,
974 1468 1038 1533 875
1072 1466 1198 1531 anhela
1231 1467 1309 1531 sitis

176 1574 214 1638 de
247 1592 376 1656 corpore
407 1575 528 1635 nostro
556 1567 714 1635 abluitur.
758 1570 819 1634 541
845 1568 955 1635 multa
977 1569 1122 1653 loquens
1144 1570 1310 1656 quoniam

177 1675 299 1740 amittit
319 1676 356 1740 cle
378 1693 508 1756 corpore
530 1672 755 1759 partem.145
779 1693 950 1736 summum
974 1673 1143 1759 quioquid
1164 1671 1311 1738 1101011110

178 1777 332 1844 abundat.

276 1881 332 1946 Ec
370 1879 679 1967 praepositionem:
703 1878 763 1956 VI,
798 1880 863 1945 825
894 1879 1042 1945 membris
1076 1900 1117 1944 ecc
1149 1879 1310 1944 omnibus

173 1981 294 2066 actiui.
337 1985 402 2068 HI,
435 1986 499 2051 439
531 1981 912 2048 00101111101110111110
933 1981 1309 2066 acaunensium,

175 2089 235 2151 717
271 2086 335 2151 Sin
367 2087 420 2151 ita
445 2087 581 2152 sincera
603 2085 680 2171 (etr.
702 2105 734 2150 v,
756 2084 833 2171 532)
855 2106 872 2150 e
893 2085 1039 2151 membris
1060 2085 1170 2152 abluta
1192 2082 1310 2172 profu-

175 2188 238 2271 git.
283 2188 342 2253 Sic
364 2212 443 2254 oum
464 2187 887 2270 O.·Vinckelmanno¹)
911 2188 1015 2255 edidi.
1060 2188 1170 2253 Recte
1191 2186 1309 2252 nescio

175 2289 254 2374 quis
269 2291 406 2356 monuit
419 2312 491 2355 non
505 2290 547 2356 de
563 2290 708 2356 sinceris
723 2289 912 2355 membris
935 2293 989 2375 (ut
1004 2290 1082 2354 vult
1092 2289 1308 2370 Lachmann)

175 2391 233 2457 1110
268 2393 334 2479 agi,
371 2393 429 2458 sed
464 2393 507 2459 de
540 2393 682 2470 anima,
707 2415 809 2479 quae
842 2393 964 2459 etiam
988 2392 1127 2459 ablata
1149 2392 1310 2456 sincera

175 2503 343 2562 maneat.
399 2497 470 2574 IV.
502 2500 542 2564 91
584 2496 730 2562 diffusae
768 2518 785 2562 e
824 2496 919 2563 rebus
960 2496 1143 2563 abundant.
1198 2493 1310 2560 Lach-

176 2618 282 2662 mann
313 2599 435 2664 Keller
445 2600 471 2686 2)
505 2599 665 2665 Staedler
686 2621 815 2685 eosque
838 2606 979 2665 secutus
1001 2600 1159 2686 Bernays
1183 2599 1310 2682 aliique

174 2701 385 2766 recentiores
426 2701 575 2768 editores
617 2702 759 2786 diffusae
799 2703 838 2766 in
877 2702 1002 2786 diffusa
1029 2725 1046 2769 e
1074 2705 1309 2767 mutaverunt.

172 2803 349 2888 Equidem
371 2827 413 2869 ex
446 2805 646 2871 coniectura
679 2805 844 2871 Lambini
876 2813 994 2892 cpost
1016 2806 1158 2890 diffusae
1179 2825 1310 2893 ponen-

174 2905 220 2970 tis
241 2905 385 2989 diffuscc
407 2929 423 2973 c
445 2908 542 2974 rebus
573 2907 750 2974 abundant
783 2908 889 2988 edidi,
913 2931 991 2973 cum
1013 2910 1220 2995 praesertim
1241 2929 1310 2971 me-

173 3007 243 3074 lius
282 3010 423 3094 diffusae
464 3033 567 3096 quam
608 3010 734 3094 diffuso
777 3012 1000 3098 praecedenti
1042 3011 1137 3078 rebus
1169 3030 1309 3096 respon·

177 3109 265 3178 deat.
287 3112 389 3190 Quod
412 3115 449 3178 in
472 3135 585 3196 versu,
608 3115 670 3199 qui
691 3114 796 3201 paulo
818 3121 898 3202 post
920 3120 964 3196 (v,
987 3115 1041 3202 94)
1065 3113 1232 3200 sequitur,
1254 3133 1310 3176 co-

176 3210 271 3277 dices
292 3216 460 3300 praebent
483 3223 519 3280 01
541 3221 649 3283 coortu
671 3225 706 3282 et
728 3222 831 3283 cccrtc
854 3217 975 3305 (codex
994 3218 1166 3304 oblongus
1192 3227 1308 3282 autem

174 3319 209 3378 et
242 3315 325 3381 Itali
357 3323 466 3386 coorta
499 3319 640 3401 habent,
664 3319 775 3385 codex
809 3321 999 3405 quadratus
1022 3325 1138 3404 coorto)
1161 3326 1309 3404 utraque

175 3419 347 3505 scriptura
379 3443 441 3508 per
474 3422 734 3508 neglegentiam
766 3422 991 3488 librariorum
1024 3446 1067 3487 ex
1101 3428 1227 3489 coortae
1249 3444 1308 3487 ex·

176 3520 306 3587 stitisse
329 3525 484 3610 putanda
507 3532 569 3590 est.

249 3700 276 3762 2.
318 3699 401 3774 ,ΔΨ
423 3705 495 3763 ante
517 3719 621 3764 casum
643 3703 818 3766 adhibitum
833 3685 878 3766 'ex
898 3705 972 3767 aliis
994 3705 1101 3768 verbis
1122 3705 1242 3784 pendet.

275 3830 442 3898 Excussis
475 3834 546 3899 iam
579 3837 748 3921 omnibus,
772 3839 810 3903 ni
836 3839 952 3920 fallor,
976 3838 1153 3923 exemplis
1177 3835 1237 3922 qui
1260 3835 1308 3900 sit

172 3932 357 3998 verborum
392 3958 469 4001 cum
503 3938 543 4004 cb
576 3940 845 4026 compositorum
879 3942 971 4029 apud
997 3942 1199 4007 Lucretium
1222 3960 1306 4004 usus

175 4055 214 4098 ac
237 4042 423 4122 structura,
447 4062 535 4125 cum,
560 4043 781 4127 quantumin
795 4043 897 4109 nobis
913 4044 988 4129 fuit,
1005 4043 1090 4108 satis
1106 4042 1306 4107 enucleasse

175 4158 380 4171 -ξ

275 4211 296 4274 ¹)
316 4209 382 4264 Vid.
404 4209 497 4263 Beitr.
517 4229 570 4265 zur
588 4211 665 4266 Krit.
685 4214 737 4267 des
756 4213 914 4267 Lucretius
932 4229 959 4282 p.
979 4215 1023 4268 20.

276 4295 297 4362 ²)
316 4293 380 4348 Vid.
407 4294 452 4349 De
479 4299 638 4351 verborum
665 4316 731 4352 oum
749 4316 869 4370 praepp.
892 4317 1021 4370 compos.
1040 4300 1119 4370 apud
1137 4299 1222 4352 Lucr.
1241 4315 1305 4366 usu,

174 4376 260 4430 Halis
279 4381 437 4450 Saxonum,
458 4382 533 4451 1880,
552 4400 578 4452 p.
597 4385 637 4436 10.
