3188 4944
1240 312 1314 392 ,67

222 503 299 568 sine
332 501 439 568 dubio
472 500 664 589 repetenda
698 505 764 576 est,
803 498 897 585 quod
918 497 1032 564 voluit
1064 504 1168 585 poeta
1196 497 1356 563 omnibus

223 605 384 684 seribere,
408 605 514 670 etiam
536 603 676 691 populo,
700 601 909 669 nouaclum
933 601 1092 667 eruditis.
1105 602 1131 687 ¹)
1175 601 1358 688 Exemplo-

221 732 310 792 rum,
345 730 435 795 quae
467 708 535 774 huc
556 707 747 794 pertinent,
769 704 942 770 nonnulla
966 704 1207 789 inveniuntur,
1232 704 1359 791 quibus

223 833 308 878 usus
329 811 555 898 pleonasmi
577 808 636 874 val
657 805 910 874 abundantis
932 807 1162 873 locutionis
1177 805 1358 872 Lucretia·

222 937 299 994 nus,
322 913 490 979 latissime
513 911 676 978 omnibus
699 912 737 977 in
758 910 863 976 rebus
887 916 1021 997 patens,
1037 910 1241 976 illustratur.
1269 909 1357 976 Nam
1462 959 1468 970 .

229 1016 322 1103 quod
345 1015 433 1082 dicit
454 1016 638 1081 Lucretius
662 1015 771 1081 adesce
789 1019 928 1098 praesto
949 1034 1013 1100 pro
1033 1013 1136 1079 solito
1156 1035 1220 1079 ease
1228 1019 1360 1098 praesto

216 1141 309 1202 ,cave
331 1119 374 1185 od
395 1117 686 1205 praepositionem
711 1118 877 1182 metricae
902 1116 1032 1181 rationi
1054 1115 1199 1192 tribuas,
1221 1116 1283 1202 sed
1306 1125 1359 1183 est

187 1221 189 1228 ’
230 1223 297 1288 hoo
330 1221 524 1308 exemplum
556 1220 748 1308 pleonasmi
788 1241 869 1285 vere
902 1219 1114 1299 Lucretiani,
1139 1219 1237 1286 cuius
1258 1221 1359 1307 plura
1425 1207 1427 1210 ⁵

224 1325 382 1412 exempla
404 1324 543 1389 cumin
568 1323 646 1388 aliis
669 1322 790 1388 multis
819 1322 924 1388 rebus
935 1323 963 1408 ²)
986 1321 1055 1408 (cfr
1077 1345 1128 1387 ex.
1144 1344 1194 1409 gr.
1210 1328 1296 1388 retro
1310 1345 1359 1388 re·

225 1451 372 1514 manure,
406 1437 492 1495 retro
513 1427 670 1507 recellere,
693 1432 781 1493 retro
802 1432 1035 1508 remensumai)
1057 1426 1358 1514 deprehendimus,

224 1541 300 1599 tum
334 1533 371 1599 in
404 1553 509 1598 causa
530 1530 756 1618 exprimenda
781 1529 925 1595 exbibet
946 1529 1033 1595 haec
1054 1529 1186 1595 locutio
1208 1531 1358 1596 maxime

223 1635 449 1701 Lucretiana:
482 1633 547 1719 ΠΙ,
582 1637 624 1701 90
654 1632 743 1698 illud
765 1632 805 1699 ab
827 1632 884 1698 boc
904 1633 1008 1719 ipitur
1022 1637 1088 1718 ¹(=
1108 1635 1218 1720 itaque
1240 1635 1358 1718 ipitur)

226 1737 460 1823 quaerendum
482 1744 545 1802 est.
1118 1807 1120 1812 .

329 1839 655 1927 Perspicuitatis
712 1837 878 1916 studium,
929 1838 1025 1924 quod
1071 1839 1109 1904 in
1156 1839 1357 1926 pleonasmo

226 1943 378 2009 valuisse
415 1947 568 2030 apparet,
603 1941 681 2007 aliis
716 1963 855 2027 quoque
887 1939 925 2006 in
957 1941 1062 2007 rebus
1090 1941 1241 2007 discerni
1263 1942 1357 2007 licet.

226 2045 386 2128 Namque
419 2045 453 2108 ei
486 2044 632 2109 inservit
664 2043 704 2111 ab
736 2050 857 2110 contra
889 2065 990 2108 usum
1024 2045 1166 2110 solitum
1198 2065 1260 2131 pro
1284 2044 1357 2109 solo

227 2146 380 2214 ablativo
413 2146 451 2211 in
483 2145 759 2213 instrumento
794 2153 834 2211 et
864 2168 988 2212 causa
1010 2147 1059 2213 ab
1082 2147 1214 2212 animo
1237 2147 1357 2233 profi-

227 2251 410 2317 ciscente
433 2248 657 2336 exprimenda
678 2250 840 2336 positum.
884 2249 961 2327 Quo
985 2248 1124 2334 quidem
1146 2249 1185 2314 in
1199 2270 1265 2315 usu
1280 2272 1357 2315 oum

225 2361 342 2419 tamen
369 2351 422 2417 ita
443 2358 602 2417 versatus
624 2353 671 2417 sit
692 2357 806 2438 poeta,
829 2349 870 2417 ut
892 2372 994 2438 saepe
1017 2372 1087 2417 una
1109 2352 1298 2438 eademque
1320 2357 1358 2421 in

227 2455 469 2522 enuntiatione
498 2455 651 2521 nudum
680 2455 908 2520 ablativum
939 2461 975 2521 et
1002 2454 1042 2520 ab
1063 2476 1150 2521 cum
1172 2456 1357 2524 ablativo

225 2559 420 2646 promiscue
443 2559 652 2636 admitteret,
674 2557 853 2624 nonnullis
876 2563 968 2623 certe
982 2556 1069 2622 locis
1085 2559 1238 2625 studium
1254 2561 1358 2626 vari-

228 2660 357 2726 andae
402 2660 653 2728 elocutionis
697 2661 838 2727 videtur
878 2661 1040 2728 valuisse.
1098 2662 1213 2728 Huius
1249 2663 1358 2730 studii

227 2763 422 2851 exemplum
443 2763 609 2851 praebere
631 2762 719 2828 mihi
739 2763 880 2828 videtur
895 2764 1000 2828 etiam
1015 2765 1058 2844 V,
1074 2767 1134 2831 241
1156 2785 1283 2849 corpore
1298 2788 1358 2832 na·

225 2867 311 2952 tivo,
347 2866 385 2932 in
418 2866 623 2932 mortalibus
656 2872 731 2931 esse
763 2864 887 2952 fipuria
932 2866 975 2931 In
1006 2867 1149 2933 notione
1180 2868 1359 2935 ablativi

226 2969 452 3054 qualitatis
493 2967 683 3035 indicanda
719 2968 758 3035 ic
793 2968 1050 3056 praepositione
1088 2992 1166 3035 cum
1202 2970 1357 3038 ablativo

228 3091 303 3159 una·
321 3095 398 3138 cum
420 3072 526 3139 nudo
549 3071 737 3158 assblativo
761 3071 921 3138 adhibita
942 3072 1172 3139 variationem
1194 3073 1358 3140 elocutio-

227 3171 283 3238 nis
305 3180 473 3242 sectatum
497 3197 570 3242 esse
592 3180 732 3263 poetam
753 3182 849 3263 puto.

331 3273 489 3361 Denique
521 3285 631 3345 restat
663 3285 704 3344 ut
737 3300 890 3344 amorem
918 3277 1073 3344 Lucretii
1097 3277 1286 3366 elliptice
1308 3280 1357 3348 lo-

229 3376 361 3464 quendi
391 3399 705 3450 commemoremus.
750 3382 847 3461 Quae
878 3380 1018 3467 quidem
1038 3381 1128 3447 ratio
1151 3404 1256 3467 quam
1278 3392 1356 3472 apte

227 3481 397 3546 brevitati
418 3483 575 3567 poeticae
598 3485 768 3551 inserviat
789 3485 850 3549 vix
872 3490 927 3550 est
949 3483 1043 3570 quod
1064 3506 1232 3552 moneam.

330 3655 351 3722 ²)
370 3651 422 3707 Cfr
439 3651 581 3723 Kuehn,
600 3654 730 3720 Quaestt.
748 3655 834 3709 Luor.
853 3671 976 3725 gramm.
994 3659 1024 3709 et
1041 3663 1124 3710 metr.
1143 3673 1170 3727 p.
1187 3658 1212 3710 4.

331 3741 353 3810 ²)
374 3739 437 3794 vid.
456 3739 656 3808 Kraetsch‚
674 3741 718 3795 De
736 3742 843 3796 abund.
862 3740 916 3796 dic.
934 3758 1001 3813 gen.
1018 3741 1103 3796 Lucr.

636 4014 956 4058 ψ
