3188 4944
1284 372 1317 438 V

237 561 335 648 gusti
367 566 490 647 poetae
514 559 706 626 dativum
728 559 863 625 iteratis
885 558 1204 646 praepositionibus
1226 564 1363 644 practu-

235 680 399 767 lerunt1).

337 800 464 866 Verum
485 806 525 865 ut
547 799 742 866 increbruit
765 798 876 885 magis
898 799 1078 885 magisque
1094 805 1290 886 temporum
1305 797 1364 864 dc·

236 940 338 984 cursu
364 940 449 986 usus
471 919 779 1008 praepositionum,
801 920 852 985 ita
875 941 918 984 ex
940 918 1140 1006 linguarum
1162 939 1363 984 monumen·

234 1038 290 1121 tis,
326 1061 414 1125 quae
437 1047 575 1106 servata
597 1039 900 1124 habemus-usum
921 1039 1140 1125 generalis
1162 1038 1222 1104 vel
1243 1037 1363 1104 inde·

234 1157 401 1245 finitae,
425 1161 538 1226 utita
559 1160 682 1238 dicam,
703 1158 951 1226 localitatis
986 1157 1032 1246 (h.
1067 1182 1095 1226 e.
1120 1181 1198 1225 cum
1220 1157 1358 1225 nonde

233 1278 398 1344 interiore
421 1285 483 1345 aut
504 1278 672 1346 exteriora
696 1279 845 1344 alicuius
867 1278 918 1344 roi
939 1279 997 1344 val
1018 1279 1088 1344 loci
1109 1284 1209 1365 parte
1232 1278 1358 1365 agitur,

234 1397 295 1464 sed
327 1399 535 1486 simpliciter
567 1398 664 1464 locus
697 1397 907 1464 describitur
932 1398 990 1464 vel
1011 1399 1120 1485 regio,
1141 1398 1202 1463 ubi
1225 1396 1359 1483 aliquid

235 1519 290 1602 sit,
320 1525 381 1584 aut
408 1519 512 1602 unde,
535 1539 603 1603 quo
626 1517 710 1605 quid
730 1518 925 1605 moveatur)
948 1518 1087 1605 proprie
1109 1516 1359 1604 significandae

235 1637 302 1703 iam
335 1637 470 1724 pridem
503 1641 687 1706 maximam
716 1646 850 1726 partem
873 1639 1046 1726 elinguis
1069 1638 1154 1705 adeo
1178 1637 1361 1703 evanuisse

234 1757 404 1843 videmus,
437 1761 478 1824 ut
498 1760 647 1826 maxime
669 1760 872 1828 debilitatus
895 1782 998 1846 quam
1020 1758 1279 1845 angustissimis
1301 1756 1362 1823 cir·

234 1878 464 1965 cumscriptus
492 1880 539 1945 sit
571 1879 711 1946 finibus.
754 1880 965 1947 Huiusmodi
995 1880 1189 1946 locutiones
1222 1883 1363 1945 exstant

233 2020 283 2064 ex.
316 2019 365 2084 gr.
398 1999 543 2066 latinae:
576 2001 660 2086 ruri,
684 2001 766 2082 luci,
801 1999 935 2083 Tiburi,
966 2000 1103 2087 Arpini,
1137 1999 1268 2064 Romae
1296 2017 1358 2083 pro

232 2117 369 2202 Romai,
403 2119 507 2201 domi,
532 2120 643 2206 domo,
668 2119 818 2202 domum,
842 2143 989 2201 sursum,
1013 2120 1182 2201 deorsum,
1209 2138 1357 2206 pessum,

234 2235 336 2319 aliae;
355 2260 517 2323 gracum:
548 2249 667 2332 οἴκοθι,
696 2241 867 2330 οὐρανόθι,
881 2247 1025 2326 claudes.
1052 2241 1251 2331 οὐρανόθεν,
1266 2237 1361 2307 ineo·

231 2365 307 2437 θεν,
330 2361 454 2442 οἴκαδε,
482 2365 617 2446 χαμᾶζε,
646 2359 785 2447 aliaeu.
836 2359 998 2447 Longum
1031 2369 1083 2428 est
1116 2359 1233 2426 omnia
1267 2377 1356 2443 quae

230 2473 299 2540 huo
331 2479 511 2563 pertinent
543 2480 703 2566 exempla
724 2502 934 2561 enumerare,
958 2503 1065 2567 quare
1088 2481 1174 2546 haec
1197 2477 1357 2545 attulisse

231 2594 395 2663 sufficiat.

243 2757 246 2760 -
333 2719 406 2782 Iam
427 2738 510 2783 vero
533 2717 576 2783 ab
588 2719 690 2785 initio
714 2721 800 2805 quin
823 2721 868 2787 ad
889 2729 1021 2787 motum
1042 2722 1101 2788 vel
1123 2719 1280 2787 ordinem
1301 2737 1356 2781 re·

229 2856 318 2900 rum
352 2836 551 2902 sensibus
584 2837 877 2930 subiectarum
903 2841 1131 2907 indicandum
1159 2840 1356 2906 destinatae

229 2954 359 3044 fuerint
380 2957 658 3044 praepositiones
681 2980 782 3025 nemo
805 2966 898 3026 certe
920 2961 1072 3040 dubitat3
1093 2967 1169 3026 tum
1184 2980 1288 3046 quam
1303 2957 1356 3022 fa·

229 3074 295 3140 oile
330 3073 374 3141 ad
396 3077 559 3143 notiones
581 3079 788 3165 temporis,
812 3080 1052 3166 mentisque
1075 3081 1265 3147 actiones
1300 3098 1357 3142 ex·

229 3195 428 3279 primendas
461 3197 693 3263 transferatur
713 3198 783 3264 loci
805 3199 1025 3286 significatio,
1049 3201 1178 3290 quippe
1201 3219 1290 3286 quae
1313 3219 1355 3263 ex

229 3311 543 3399 significationibus
577 3340 597 3383 a
629 3318 794 3405 primaria
825 3320 883 3385 vel
915 3321 1156 3387 remotissimis
1186 3318 1353 3386 siminus

228 3433 392 3517 dilucide,
414 3442 567 3503 attamen
588 3438 751 3505 nonnihil
772 3440 918 3522 eluceat,
941 3462 1042 3507 nemo
1064 3463 1136 3508 non
1157 3442 1265 3507 videt.
1302 3440 1356 3502 Ita

226 3555 277 3641 fit,
300 3564 340 3622 ut
362 3554 406 3620 iis
430 3577 567 3642 quoque
589 3559 704 3640 rebus,
727 3582 814 3646 quas
838 3583 948 3628 sermo
970 3562 1124 3630 urbanus
1137 3564 1208 3629 iam
1223 3567 1356 3626 trans·

226 3676 310 3742 late
345 3676 526 3763 expressit,
557 3679 709 3745 rusticus
742 3682 799 3748 vel
832 3683 1030 3750 cotidianus
1063 3706 1174 3751 sermo
1207 3685 1355 3751 fortasse

328 3939 349 4004 ¹)
367 3936 405 3991 K.
435 3937 690 4008 Schnccmann‚
725 3938 770 3993 Da
802 3942 960 3996 verborum
991 3960 1058 3997 cum
1085 3943 1353 4015 praepositionibus

225 4022 453 4092 compositorum
470 4023 549 4093 apud
567 4023 723 4092 Catullum,
742 4024 900 4090 Tibullum,
918 4027 1107 4098 Propertium
1125 4036 1281 4084 structura.
1299 4030 1352 4084 Ofr

226 4105 388 4162 Jahrcsber.
406 4109 453 4162 ub.
471 4109 617 4164 Fortschr.
644 4111 671 4164 d.
689 4110 776 4166 klass.
800 4112 927 4166 Alterth.
946 4130 973 4183 p.
993 4115 1050 4181 189,
1080 4119 1109 4169 ct
1135 4115 1295 4170 Schmalz
1322 4116 1354 4171 in

225 4189 404 4246 Muelleri
422 4194 538 4257 Handb.
559 4201 614 4251 etc.
633 4197 669 4264 ll,
687 4214 715 4268 p.
731 4199 790 4252 440.

329 4297 352 4362 ²)
372 4293 423 4350 Cfr
441 4297 615 4371 Sohwm,
634 4301 679 4356 Dc
697 4319 816 4374 praepp.
834 4319 929 4374 graec.
948 4310 979 4360 et
996 4305 1046 4360 lat.
1064 4323 1110 4378 pp.
1128 4309 1170 4372 30,
1189 4307 1230 4378 33,
1248 4308 1291 4362 34.
