3188 4944
294 323 336 388 48

254 508 315 575 sed
348 527 495 574 causae
527 503 749 591 praecipuo
782 501 969 566 Lucretii
992 523 1125 568 amore
1149 502 1301 568 nudum
1327 524 1385 568 ca·

254 633 340 678 sum
379 611 423 674 in
462 608 553 672 loco
590 603 851 690 designando
886 603 1115 691 usurpandi
1147 604 1299 691 petenda
1325 613 1386 670 est.

254 715 376 798 Neque
416 731 515 776 secus
551 708 667 773 iudico
701 707 743 772 de
780 707 827 789 II,
867 708 926 773 171
964 713 998 771 et
1035 707 1104 772 iam
1140 712 1264 792 cetera,
1298 729 1387 772 mor·
1498 731 1501 736 ·

255 815 337 880 talis
385 832 469 899 quae
513 809 636 876 suadet
682 809 773 875 adire
814 808 960 895 ipsaque
1002 808 1142 874 deducit
1183 807 1253 875 dux
1293 810 1386 874 vitae

259 918 318 983 dia
341 916 512 1000 voluptas.
535 915 577 992 V,
601 915 664 979 616
688 932 755 995 quo
778 916 880 997 pacto
904 910 1046 975 aestivis
1070 931 1088 974 e
1110 910 1270 997 partibus
1288 934 1387 998 aego-

258 1019 382 1086 ceratis
420 1015 578 1082 brumalia
614 1014 711 1081 adeat
745 1013 858 1096 decas.
882 1014 943 1096 VI,
978 1016 1019 1080 75
1043 1035 1105 1080 nec
1127 1013 1262 1080 delubra
1285 1015 1387 1080 deum

255 1121 394 1209 placido
419 1142 497 1185 cum
519 1124 660 1206 pectore
683 1116 793 1183 adibis.
816 1155 859 1164 —

359 1225 436 1289 Hoc
469 1223 545 1292 loco
578 1221 743 1286 adverbia
777 1219 895 1285 adfero
918 1221 945 1296 I,
970 1222 1030 1287 681
1056 1219 1108 1284 nil
1130 1221 1275 1286 referret
1298 1223 1390 1287 enim

258 1327 426 1415 quaedam
450 1325 624 1402 decedere,
649 1323 744 1388 abire
769 1328 874 1407 atque
898 1321 963 1388 aiio
986 1323 1141 1390 adtribui.
1165 1325 1206 1408 V,
1231 1327 1295 1392 285
1310 1348 1390 1392 nam

257 1431 406 1518 primum
429 1425 596 1513 quicquid
618 1425 767 1510 fulgoris
790 1424 937 1511 disperit
960 1425 1002 1501 ei,
1027 1447 1089 1511 quo
1111 1448 1246 1510 carraque
1265 1429 1391 1495 accidit.

258 1535 319 1614 VI,
353 1536 412 1600 751
449 1551 512 1617 qao
545 1549 733 1612 numquam
762 1527 887 1614 pennis
909 1528 1081 1612 appellarat
1102 1551 1247 1616 corpora
1268 1552 1391 1597 raucae

259 1635 423 1702 cornices.
447 1634 510 1700 Ofr
533 1635 573 1717 V,
598 1634 649 1712 363
674 1633 701 1708 Ι,
727 1633 787 1697 192
809 1630 871 1696 hac
894 1631 1013 1698 accedit
1032 1631 1083 1696 uti
1107 1618 1171 1698 etc.
1195 1633 1256 1698 Ofr
1277 1635 1303 1712 Ι,
1320 1639 1392 1702 565.
1467 1636 1470 1640 ’

260 1741 308 1810 ΙΙ,
335 1740 427 1806 1077.
450 1738 517 1814 ΙΙΙ,
539 1738 611 1802 459.
636 1735 695 1818 VI,
722 1736 812 1800 1022.

363 1842 437 1905 Iam
467 1859 559 1903 vero·
575 1837 602 1902 ii
621 1857 708 1922 quos
730 1836 905 1923 proferam
927 1837 996 1902 loci
1018 1837 1109 1904 nihil
1130 1837 1296 1925 praebent
1319 1840 1396 1905 inu-

260 1943 368 2018 sitati,
409 1941 539 2028 quippe
576 1941 703 2025 quibus
737 1940 958 2005 accusativus
992 1941 1049 2005 vel
1083 1941 1323 2007 nominativus
1358 1943 1394 2008 in

261 2045 446 2110 sententiis
470 2043 629 2109 activae
651 2041 709 2107 vel
729 2043 921 2129 passivae
944 2043 1075 2108 formae
1098 2043 1248 2109 averbis
1264 2049 1396 2110 trans·

261 2148 385 2213 itivis
418 2145 574 2233 pendens
608 2167 707 2210 casus
742 2145 892 2210 obiecti
924 2146 947 2213 l.
982 2145 1174 2229 subiecti,
1209 2168 1280 2212 non
1302 2148 1393 2219 loci,

263 2251 323 2317 sit:
348 2251 408 2328 VI,
436 2251 494 2316 183
518 2248 599 2315 inde
623 2269 729 2314 sonus
752 2248 919 2332 sequitur,
943 2249 1003 2333 qui
1025 2249 1159 2314 tardius
1177 2249 1393 2332 adficiiaaris

262 2374 364 2437 quam
383 2374 472 2437 quae
491 2351 701 2437 perveniunt
720 2350 899 2415 oculorum
911 2350 956 2416 ad
968 2351 1100 2416 lumina
1111 2359 1240 2417 nostra.
1254 2353 1314 2419 cfr
1323 2354 1387 2436 ΙΙΙ,

262 2460 347 2533 853,
369 2459 441 2525 922.
476 2456 504 2538 Ι,
541 2457 611 2520 133.
646 2455 693 2532 ΙΙ,
718 2457 791 2520 341.
813 2455 880 2527 ΙΙΙ,
903 2457 954 2532 50,
979 2458 1051 2537 496,
1074 2456 1229 2540 adjiiqere
1250 2459 1297 2542 ΙΙ,
1321 2459 1391 2537 945,

262 2560 401 2626 adurere
423 2559 485 2638 IV,
509 2558 581 2635 3043
605 2555 746 2622 accidere
768 2557 809 2634 V,
832 2559 907 2637 6093
930 2576 1096 2643 asperpere
1118 2559 1184 2638 ΙΙΙ,
1207 2563 1259 2626 20.
1277 2560 1305 2641 Ι,
1323 2562 1394 2642 719;

264 2661 433 2730 ascendere
454 2661 516 2738 VI,
538 2661 611 2740 4693
636 2658 772 2741 adipisci
794 2660 835 2740 V,
860 2661 931 2726 634.
955 2660 1002 2737 Π,
1025 2663 1098 2728 638.
1114 2664 1161 2739 ΙΙ,
1178 2666 1251 2731 998.
1268 2665 1311 2750 V,
1323 2667 1396 2731 795,

264 2767 339 2844 821;
373 2761 501 2830 adolere
532 2764 595 2840 IV,
630 2765 722 2844 12373
758 2763 928 2828 accendere
951 2764 1011 2832 VI.
1035 2767 1107 2843 223,
1130 2768 1203 2848 279,
1227 2768 1300 2849 317,
1323 2769 1397 2850 321,

265 2871 336 2935 881.
359 2867 407 2944 H,
429 2867 502 2948 943,
526 2868 599 2931 959.
624 2865 664 2944 V,
690 2868 762 2943 173,
785 2868 858 2950 697,
882 2868 955 2947 659;
979 2867 1142 2950 appellare
1164 2871 1225 2948 IV,
1244 2872 1337 2936 1235.
1355 2871 1398 2952 V,

268 2974 317 3052 103
342 2969 500 3036 adiuvare
521 2968 549 3040 Ι.
573 2970 646 3044 810,
669 2970 741 3050 812;
766 2968 939 3035 admcmre
959 2971 1026 3049 ΙΙΙ,
1050 2974 1142 3053 1040,
1158 2973 1321 3040 admirari
1335 2975 1397 3064 vl,

267 3075 340 3140 850.
363 3072 391 3153 Ι,
415 3076 488 3152 641;
512 3070 680 3137 adcredere
701 3072 768 3148 ΠΙ,
793 3073 867 3152 856;
891 3073 1068 3157 adopiami
1082 3076 1144 3156 IV,
1160 3077 1232 3152 816;
1248 3073 1399 3144 animam

268 3175 433 3241 advertere
453 3174 501 3250 II,
529 3174 598 3252 1253
622 3172 791 3255 adflictare
812 3174 874 3248 IV,
900 3177 990 3243 1158.

372 3275 507 3341 Obieoti
540 3280 658 3362 partes
692 3282 802 3360 agunt
835 3277 1080 3344 infinitivus
1105 3287 1140 3345 at
1163 3283 1398 3348 enuntiatio

270 3377 545 3444 consecutiva
562 3379 644 3462 (ai):
662 3379 704 3458 V,
723 3382 785 3446 110
800 3401 869 3464 qua
883 3381 982 3467 prius
996 3383 1171 3468 adprcdiar
1187 3406 1290 3469 quam
1306 3385 1399 3452 dere

269 3481 409 3565 frendere
431 3479 515 3545 fata.
532 3479 596 3545 afr
611 3480 653 3558 V,
679 3485 749 3548 167.
773 3483 833 3565 VI,
858 3485 930 3560 940,
955 3486 1027 3552 980.
1044 3488 1110 3564 ΙΙΙ,
1126 3489 1191 3555 515
1206 3494 1400 3556 commutare

271 3585 421 3650 animum
445 3583 504 3666 qui
529 3604 675 3667 cumque
698 3585 860 3652 adoritur.
883 3589 926 3663 V,
950 3590 1027 3655 1341
1047 3590 1110 3654 vix
1125 3591 1399 3658 adducoratetc.

373 3688 403 3770 c)
426 3684 480 3750 Ad
502 3690 583 3750 ante
607 3707 724 3752 casum
746 3688 970 3774 iteratum:
995 3693 1056 3770 VI,
1078 3695 1139 3768 166
1155 3694 1217 3760 sed
1232 3696 1402 3760 tonitrum

271 3788 313 3852 fit
345 3787 398 3852 uti
430 3794 510 3874 post
543 3786 685 3853 auribus
719 3790 939 3876 accipiemus,
973 3793 1108 3879 fulgere
1132 3817 1235 3880 quam
1257 3805 1403 3863 cernant

273 3890 376 3972 oculi,
409 3891 492 3974 quia
524 3911 659 3977 semper
691 3891 734 3957 ad
764 3894 859 3960 auria
881 3895 1015 3961 tardius
1038 3897 1229 3966 advenirent.
1254 3901 1313 3978 VI,
1338 3904 1400 3968 901

273 3998 443 4060 nocturna
465 3993 508 4060 ad
529 3991 659 4060 lamina
679 3994 790 4059 linum
812 4018 924 4083 nuper
939 3998 1001 4064 ubi
1015 4001 1209 4067 extinctum
1225 4004 1402 4069 admoveae.

273 4096 336 4172 IV,
358 4096 421 4160 339
445 4094 529 4159 inde
551 4095 595 4160 ad
615 4115 676 4161 aas
698 4097 783 4163 elisa
806 4098 859 4164 bis
882 4101 1021 4166 advolat.
1045 4104 1086 4181 V,
1112 4108 1194 4172 1199
1216 4108 1345 4172 vertier
1359 4105 1404 4172 ad

274 4198 424 4284 lapidem
458 4205 562 4283 atque
597 4201 709 4265 omnis
741 4203 884 4268 accedere
917 4205 960 4270 ad
992 4225 1079 4272 arae.
1108 4209 1174 4283 ΙΙΙ,
1197 4212 1260 4277 959
1283 4217 1318 4274 et
1340 4231 1404 4277 nec
