3188 4944
302 319 343 384 32

257 526 352 570 mum
376 504 433 590 hio
455 507 494 573 in
521 505 648 572 litteris
673 504 794 570 latinis
817 525 879 590 pro
903 503 943 570 ob
966 506 1040 586 (aut
1054 503 1105 590 ooo)
1123 503 1174 568 sio
1191 502 1387 569 adhibitum

257 608 295 672 de
327 629 398 672 non
434 608 583 696 amplius
617 607 683 672 hae
706 605 964 692 significatione
985 605 1171 693 usurpavit
1192 605 1387 670 Lueretius.

258 709 435 796 Vergilius
471 710 609 775 demum
643 709 819 793 ceterique
852 709 1006 796 Augusti
1039 707 1117 773 aevi
1151 713 1274 794 poetae
1296 707 1388 772 hune

257 833 360 876 usum
382 812 658 898 frequentarunt,
683 811 825 876 Tacitus
847 831 929 876 vero
953 811 1085 897 primus
1108 810 1147 875 in
1162 831 1300 897 prosam
1315 831 1389 875 ora-

258 914 390 980 tionem
413 915 506 981 huno
528 913 712 980 transtulit
733 934 844 978 usum.
859 915 885 1000 ¹)

361 1019 413 1082 De
447 1018 630 1086 materia
663 1039 731 1082 una
765 1037 843 1081 oum
876 1015 931 1082 his
964 1015 1100 1084 verbis:
1131 1036 1225 1082 nosco
1247 1015 1292 1094 ΙΙ,
1316 1016 1387 1092 733,

260 1122 333 1210 793,
359 1121 453 1205 pipat
474 1121 502 1203 Ι,
526 1123 598 1202 836,
622 1119 705 1185 oriri
727 1118 786 1203 IV,
813 1121 906 1200 1227,
929 1139 1039 1186 oreore
1061 1119 1124 1203 ΠΙ,
1150 1121 1222 1186 278.
1246 1117 1290 1202 ΙΙ,
1316 1120 1388 1200 791,

258 1243 393 1289 creseere
425 1223 485 1308 IV,
523 1225 615 1302 1214,
649 1241 845 1288 concrescere
882 1223 909 1301 Ι,
933 1224 1006 1304 840,
1030 1227 1178 1288 constare
1211 1221 1270 1304 IV,
1297 1221 1388 1302 1229,

255 1326 468 1412 proadesoere
499 1325 526 1410 1,
562 1329 633 1408 191,
662 1345 827 1410 aropesoere
850 1325 895 1409 H,
920 1327 993 1409 877,
1016 1326 1150 1392 existere
1171 1325 1217 1403 ΙΙ,
1241 1325 1314 1406 872,
1337 1323 1389 1406 fo·

259 1449 327 1494 oere
348 1428 394 1503 II,
419 1429 492 1512 975,
515 1427 589 1510 fieri
603 1428 649 1511 H,
662 1430 735 1494 824.
758 1427 819 1510 IV,
845 1429 938 1509 1225,
961 1448 1024 1494 ease
1045 1428 1092 1507 H,
1115 1431 1188 1507 390,
1212 1430 1285 1494 999.

277 1612 279 1616 ¹
362 1530 415 1596 De
446 1530 517 1596 roilo
550 1531 606 1596 his
628 1529 715 1594 loeis
738 1535 843 1615 atque
866 1551 908 1594 ex
930 1529 984 1594 his
1007 1529 1122 1594 verbis
1151 1529 1307 1616 pendens
1335 1550 1389 1594 oo·

262 1633 386 1699 currit:
421 1634 551 1700 renosci
585 1634 613 1715 Ι,
647 1633 721 1711 542,
744 1634 817 1711 674,
842 1635 915 1713 757,
939 1653 1047 1699 oreore
1069 1633 1097 1713 I,
1123 1633 1193 1711 157,
1216 1635 1289 1712 266,
1315 1633 1388 1698 544.

260 1757 395 1802 erescere
417 1737 445 1820 Ι,
468 1739 540 1820 858,
563 1735 637 1819 fieri
657 1737 684 1815 I,
710 1737 781 1813 159,
808 1737 878 1819 180,
902 1738 975 1804 205.
998 1736 1044 1810 ΙΙ,
1066 1737 1139 1803 287.

657 2063 721 2144 IV.
773 2063 830 2143 De
858 2081 992 2144 eausa

261 2266 369 2354 positi
395 2267 433 2332 de
461 2267 529 2332 duo
553 2272 690 2332 tantum
723 2267 953 2332 inveniuntur
973 2266 1145 2353 exempla:
1174 2266 1234 2350 VI,
1257 2265 1298 2332 85
1323 2283 1385 2350 quo

262 2371 305 2468 ote
316 2391 427 2437 eoa-ao.
452 2369 513 2448 VI,
538 2371 602 2437 204
628 2369 703 2436 Hoc
725 2369 829 2434 etiam
851 2369 896 2462 fir
914 2370 968 2434 uti
987 2370 1025 2435 de
1046 2390 1147 2437 causo
1169 2369 1307 2435 mobilis
1327 2365 1384 2431 ilie

263 2474 409 2542 devolet
429 2473 466 2538 in
489 2480 618 2538 terrem
640 2472 768 2558 liquidi
791 2473 886 2538 color
910 2493 1033 2537 aureus
1055 2472 1158 2558 ignis

495 2798 540 2879 V.
592 2797 697 2892 ‚‚De“
723 2834 775 2864 =
796 2825 868 2902 nep
897 2818 995 2877 oum
1021 2817 1116 2898 gen.
1133 2797 1166 2901 ²)

366 3001 446 3066 Huo
468 3022 557 3087 quae
580 3001 757 3086 pertinent
780 3001 947 3088 exempla,
970 3023 1113 3067 numero
1130 3010 1214 3067 sunt
1229 3003 1389 3087 frequen·

269 3103 404 3171 tissima
426 3123 539 3188 neque
564 3103 750 3188 quiequam
773 3103 937 3169 inusitati
947 3104 1124 3190 praebent.
1160 3104 1390 3182 Quamobrem

261 3206 379 3272 allatis
401 3205 464 3284 IH,
488 3207 552 3272 825
579 3205 723 3271 advenit
757 3205 804 3270 id'·
818 3207 913 3292 quod
936 3228 1011 3272 eam
1033 3206 1186 3273 derebus
1208 3229 1311 3293 saepe
1332 3207 1389 3290 fa-

264 3311 350 3376 turia
382 3313 526 3376 macerat
560 3308 666 3394 inque
699 3315 793 3375 metu
821 3310 911 3376 male
936 3309 1042 3376 habet
1064 3311 1228 3396 curisque
1251 3310 1389 3398 fatigat,

263 3412 304 3497 V,
341 3413 424 3479 1082
461 3416 497 3476 et
543 3431 646 3498 quom
679 3412 717 3478 de
749 3411 837 3480 uictu
878 3419 1013 3478 certent
1046 3412 1266 3499 praedaeque
1289 3434 1390 3499 repu-

202 3555 204 3560 ·
266 3521 389 3599 guent,
435 3513 496 3599 IV,
537 3516 600 3582 816
641 3514 765 3580 deinde
798 3514 1027 3602 adopinamur
1058 3516 1096 3581 de
1117 3515 1221 3600 siquis
1241 3516 1391 3580 maxima

255 3617 383 3700 porois,
423 3622 538 3682 cetera
575 3617 731 3704 exempla
763 3617 959 3682 exscribere
993 3619 1211 3704 supersedeo,
1236 3617 1390 3702 satisque

263 3719 373 3785 habeo
396 3726 517 3785 notare
540 3719 602 3784 ubi
623 3721 856 3807 reperiantur:
886 3719 950 3803 ΙΠ,
974 3721 1046 3788 853.
1070 3720 1130 3806 IV,
1154 3723 1227 3788 989.
1252 3721 1292 3800 V,
1317 3722 1389 3787 393.

261 3823 326 3902 111,
361 3823 433 3903 343,
456 3823 578 3902 3331,
604 3825 674 3908 127,
698 3826 749 3892 33.
773 3823 832 3909 vr,
858 3825 931 3892 940.
956 3823 1015 3903 iv,
1039 3827 1069 3890 e.
1092 3824 1120 3908 Ι,
1143 3826 1195 3906 34,
1219 3825 1292 3902 334,
1315 3825 1390 3890 413.

249 4116 252 4119 ·
365 4100 385 4167 ¹)
404 4097 454 4151 Gfr
472 4097 529 4152 uh.
553 4097 729 4170 Ladewig
746 4099 784 4152 ad
802 4100 890 4168 Verg.
909 4101 980 4154 Aen.
998 4097 1024 4163 Ι,
1043 4099 1101 4152 277.

366 4217 387 4285 ²)
405 4215 456 4270 Ofr
475 4216 609 4272 Holtze
628 4216 712 4287 Synt.
729 4218 815 4272 Luor.
835 4218 884 4272 lin.
903 4235 930 4288 p.
953 4219 995 4271 60.
