3188 4944
475 1189 554 1307 A.
593 1188 819 1304 Prima
853 1215 1035 1328 pars

384 1450 651 1533 Deformis
679 1449 1131 1551 praepositionum.

296 1657 348 1722 De
383 1655 502 1722 formis
535 1654 845 1742 praepositionum,
879 1675 963 1738 quas
996 1653 1099 1719 nobis
1120 1651 1323 1718 tractandas

183 1759 443 1846 proposuimus,
469 1758 681 1846 disputaturi
703 1779 773 1823 non
795 1756 832 1821 id
855 1777 997 1841 agemus
1017 1761 1057 1820 ut
1072 1755 1163 1821 unde
1179 1762 1239 1820 ant
1255 1776 1324 1841 qua

180 1883 349 1948 «quaeque
381 1861 517 1927 ratione
550 1867 627 1926 orta
654 1865 714 1925 aut
736 1880 906 1946 quaenam
928 1857 1108 1944 primitiva
1130 1857 1241 1924 forma
1263 1857 1324 1924 ha·

75 1985 80 1996 ·
188 1963 303 2029 benda
333 1964 380 2028 sit
408 1964 606 2043 enodemus,
636 1962 698 2028 sed
720 1983 835 2027 nsum
858 1965 996 2026 tantum
1018 1961 1223 2026 variarum
1245 1961 1325 2026 for-

180 2088 343 2132 :marum
365 2065 666 2131 Lucretianum
689 2084 911 2151 exponemus.

355 2305 396 2404 a)
423 2303 658 2386 Deformis
685 2304 789 2398 ‚‚ab“
804 2301 1161 2403 praepositionis.

294 2509 341 2573 In
382 2507 684 2600 compositione
725 2507 891 2574 air-forma
929 2499 1067 2594 praeter
1089 2506 1256 2574 vocales
1290 2517 1325 2574 et

183 2609 384 2675 Ja-litteram
406 2616 487 2674 ante
509 2609 571 2675 has
593 2616 781 2697 usurpatur
803 2631 989 2675 consonas:
1011 2611 1043 2690 d,
1067 2609 1086 2689 i,
1110 2629 1145 2690 n,
1169 2631 1196 2690 r,
1219 2631 1244 2676 s.

298 2711 457 2776 A-forma
480 2719 560 2776 ante
584 2732 615 2776 m
637 2717 673 2776 et
694 2732 714 2776 v
736 2711 925 2777 invenitur.

295 2814 362 2880 Aba
385 2820 466 2878 ante
488 2834 518 2879 c·
541 2820 575 2878 et
599 2812 764 2878 i-litteras
786 2813 967 2899 reperitur.

294 2918 403 2983 Ante
438 2937 573 2981 oasum
606 2915 646 2982 ab
668 2913 789 2997 forma,
811 2920 1054 3001 praeterquam
1076 2914 1170 3001 qnod
1192 2938 1328 3003 semper

185 3025 274 3086 ante
306 3019 474 3085 vocales
507 3025 543 3083 et
575 3018 769 3084 mitterem
803 3022 999 3104 usurpatur,
1032 3024 1113 3083 ante
1135 3017 1327 3084 d·litteram

183 3121 352 3212 adhibita
374 3127 434 3190 est.

297 3223 454 3289 A-forma
475 3230 557 3290 ante
579 3224 603 3307 f,
624 3245 655 3309 p,
680 3223 700 3304 l,
716 3245 759 3306 m,
777 3245 811 3307 p,
837 3228 858 3303 t,
882 3244 901 3288 o
924 3224 1084 3288 occurrit.

259 3347 264 3355 ·
299 3326 394 3392 Ante
422 3327 608 3392 c-litteram
631 3326 793 3391 omnibus
817 3326 903 3391 loois
927 3364 967 3376 -
989 3331 1134 3413 excepto
1156 3347 1226 3392 uno
1249 3327 1327 3393 looo

183 3427 252 3515 (Π,
294 3425 369 3512 919)
409 3465 452 3476 -
485 3430 639 3494 omnium
672 3428 831 3494 codicum
864 3449 1034 3494 consensu
1074 3449 1096 3496 a
1136 3429 1248 3495 forma
1279 3430 1328 3495 ie·

181 3530 298 3617 flgitur.
355 3529 469 3607 Quare
501 3529 541 3596 ab
584 3535 673 3597 coetu
708 3530 802 3616 quod
836 3530 897 3596 iilo
920 3530 996 3597 loeo
1019 3531 1125 3598 habet
1147 3532 1327 3617 Marullus,

191 3631 457 3698 Lachmannum
486 3638 625 3698 secutus
647 3634 685 3699 in
707 3638 745 3700 at
765 3638 854 3699 eoem
877 3634 1019 3703 mutavi.
1064 3634 1208 3700 Codices
1231 3656 1329 3721 prae·

192 3736 279 3803 bent
305 3734 465 3802 aberrata.
511 3733 632 3818 Neque
656 3734 749 3820 quod
771 3735 809 3801 in
826 3736 1008 3802 Brixiensi
1031 3736 1183 3802 editione
1205 3758 1330 3825 propo-

192 3838 298 3904 situm
331 3842 400 3903 est:
434 3836 475 3904 ab
507 3857 542 3903 eo
575 3836 671 3915 coito,
704 3859 817 3924 neque
847 3839 1018 3925 scriptura
1040 3839 1209 3908 Venetae:
1232 3839 1273 3906 ab
1294 3861 1329 3906 eo

182 3945 268 4007 ortu
290 3962 353 4027 per
375 3946 522 4006 metrum
545 3940 632 4005 ferri
655 3947 780 4027 potest.
838 3965 840 3970 ·

295 4044 390 4109 Ante
424 4043 613 4109 r·iitteram
645 4044 685 4110 ab
713 4051 911 4132 usurpatur.
955 4045 1045 4109 Nam
1067 4045 1160 4130 quod
1182 4046 1242 4129 IV,
1269 4049 1329 4115 163

188 4143 302 4209 editio
325 4147 467 4233 Bipont.
491 4168 512 4214 a
534 4147 628 4214 rebus
651 4146 767 4231 habet,
792 4154 909 4234 aperte
931 4147 1060 4212 falsum
1084 4154 1148 4232 est,
1173 4171 1250 4214 oum
1265 4156 1328 4214 tre·

185 4245 308 4312 decim
331 4247 389 4314 vel
413 4250 691 4334 quattuordecim
713 4250 799 4315 loeis
822 4249 916 4316 haud
940 4249 1045 4316 dubie
1068 4250 1108 4316 ab
1130 4249 1224 4316 rebare
1245 4251 1331 4317 sori·
