3188 4944
283 307 322 371 18

138 571 139 579 ¹
238 490 384 558 scintilla
406 491 574 576 inccndio)
600 491 638 555 in
667 490 802 578 origine
824 491 1050 578 exprimendo
1065 500 1267 580 usurpatam
1285 514 1375 557 esse.

239 596 330 660 Nam
362 593 515 677 stipulum
551 594 691 660 accidere
728 615 766 660 eu
799 614 871 661 unc
905 595 1050 662 scintilla·
1088 596 1242 663 incendia
1279 593 1377 660 nihil

239 703 291 762 esi
327 695 422 763 uliud
452 697 523 762 nisi
555 697 707 783 incendia
742 717 782 762 cu
803 717 876 764 unu
898 698 1041 764 scintilla
1064 698 1150 786 (soil.
1174 700 1264 783 orie)
1289 699 1376 765 ucci-

239 801 312 866 dcre
335 800 372 881 (i.
396 822 425 864 e.
450 799 652 884 accendere)
674 799 923 888 stipuicm¹)-
1383 820 1384 825 ’

342 902 498 968 Medium
521 902 621 988 quasi
643 902 759 969 locum
781 903 873 971 inter
895 904 1080 991 originis
1104 910 1140 968 ei
1161 903 1373 969 causalem

239 1006 311 1071 vim
356 1011 491 1071 ieneni:
528 1007 559 1086 Ἰ,
593 1007 668 1094 459Ι
691 1006 784 1073 rebus
817 1006 856 1074 ub
889 1009 970 1092 ipsis
1001 1008 1224 1092 consequitur·
1241 1001 1373 1073 sensus.

239 1109 299 1193 iv,
335 1112 394 1175 551
432 1109 601 1196 asperiias
624 1115 738 1176 sutem
761 1109 859 1176 vocis
879 1109 919 1194 nt
941 1113 980 1178 ab
1001 1112 1178 1197 asperitate
1199 1107 1376 1198 principi-

241 1233 348 1276 orum.
372 1250 412 1259 —
1370 1215 1372 1220 ’

342 1313 522 1401 Exemplis
555 1336 659 1402 supra
693 1319 764 1402 (pp.
801 1319 839 1383 16
873 1318 962 1404 sqq.)
997 1317 1041 1382 ad
1074 1339 1176 1382 usum
1212 1315 1376 1382 Lucretii

240 1418 394 1505 ellipiioe
431 1417 599 1503 loquendi
631 1417 880 1484 illustrandum
913 1419 1057 1505 prolatis
1089 1418 1161 1510 hoo
1184 1405 1277 1485 looo'
1299 1418 1376 1484 adi-

242 1519 402 1586 ciendum
431 1526 484 1586 esi
510 1519 556 1604 Π,
593 1523 654 1587 132
675 1519 734 1585 hic
757 1541 778 1586 n
799 1523 975 1604 principiis
998 1526 1045 1587 cst
1076 1515 1236 1587 omnibus
1267 1543 1374 1586 orror.

240 1626 399 1710 Namque
433 1623 499 1688 hoo
532 1644 596 1690 esse
629 1623 684 1701 uis
712 1623 804 1711 ¹apud
838 1624 1024 1710 scriptores
1060 1624 1190 1690 leiinos
1224 1624 1376 1692 Roess-

240 1748 337 1792 nero
361 1727 489 1813 teste-²)
512 1748 590 1791 raro
614 1747 807 1810 occurrens,
829 1726 920 1792 nihil
944 1725 1040 1806 aliud
1060 1733 1113 1792 esi
1139 1727 1208 1792 nisi
1234 1727 1373 1794 brevia-

240 1837 277 1895 to
299 1828 432 1898 locutio
454 1850 518 1918 pro
540 1828 653 1916 plenu,
670 1851 758 1915 quus
784 1836 837 1894 esi
863 1833 970 1896 orium
989 1851 1054 1896 esse
1071 1829 1118 1895 ab.
1165 1829 1266 1908 Quod
1288 1851 1376 1894 vero

241 1932 400 2002 Siuedler
411 1933 437 2014 ³)
460 1932 578 1997 verbis
600 1952 621 1998 a
639 1932 819 2016 principiis
842 1937 888 1998 esi
906 1932 1054 2003 cunibus
1068 1954 1161 2020 error
1176 1931 1373 2018 praedicari

240 2035 456 2102 huiusmodi:
489 2035 660 2119 principia
693 2035 804 2102 omniu
837 2041 954 2103 erruni
982 2042 1018 2101 ei
1040 2037 1257 2121 aprincipiis
1278 2036 1376 2102 idom

240 2140 357 2205 valere
381 2161 421 2204 ao
438 2139 681 2222 principiorum
703 2143 815 2226 puisi,
837 2160 908 2204 rom
930 2160 1001 2205 non
1023 2139 1073 2205 iia
1093 2163 1130 2206 se
1145 2139 1274 2206 habere
1292 2161 1371 2204 oon·

242 2243 342 2308 cedat
375 2263 515 2308 necesse
548 2241 623 2326 erit,
652 2241 811 2326 quisquis
835 2231 1034 2320 coniexium
1057 2264 1173 2308 rerum
1194 2263 1388 2328 persensu-v

240 2346 296 2411 rii.
340 2346 430 2412 Num
453 2367 532 2412 oum
553 2343 739 2420 Lucretius
762 2345 971 2410 sententiae:
995 2366 1130 2429 corporo
1145 2366 1228 2430 punc
1243 2348 1281 2411 in
1297 2343 1372 2412 sciis

241 2450 345 2517 radiis
367 2453 538 2516 moventur
560 2451 754 2514 commutare
776 2447 863 2514 nium
884 2468 976 2514 nnnc
998 2435 1061 2514 linc
1084 2467 1176 2514 nunc
1197 2447 1278 2516 iiiuc
1302 2452 1368 2532 (vv,

243 2554 425 2634 irc-131)
449 2551 716 2638 explicationem
739 2551 848 2618 edicit
870 2551 997 2630 scilicet,
1020 2553 1072 2620 hic
1094 2575 1116 2620 c
1131 2553 1312 2638 principiis
1325 2556 1377 2620 est

241 2655 389 2724 omnibns
421 2675 522 2736 error,
545 2654 734 2732 notionem
767 2654 926 2740 genetivi
943 2656 989 2720 si
1023 2655 1322 2724 circumscriberet
1351 2675 1377 2721 u

235 2760 434 2846 principiis„
465 2757 641 2838 sententis
680 2758 865 2834 exsisierei
906 2757 1006 2829 haec:
1051 2780 1187 2843 corpora
1223 2758 1292 2824 huo
1329 2759 1371 2823 il·-

239 2865 298 2931 luo
329 2862 447 2949 ccpuri
466 2861 630 2936 incolis
660 2861 769 2928 radiis
803 2863 839 2948 (i.
874 2885 903 2928 e.
937 2883 1105 2949 corporum
1139 2865 1178 2928 in
1211 2863 1374 2928 solemo-

242 2973 323 3052 ium)
341 2966 587 3050 principiorum
616 2983 691 3030 esse
713 2987 854 3032 errorem
879 2965 1041 3052 idemque
1053 3023 1056 3034 <
1058 2967 1241 3051 principio,
1255 2972 1380 3032 esseni·

240 3079 345 3158 atque
362 3090 511 3154 vcorporu
537 3070 576 3134 in
608 3068 671 3134 scic
703 3069 869 3154 capanna.
913 3070 969 3139 Im
1002 3076 1119 3136 iumen
1147 3092 1219 3136 rem
1242 3092 1278 3146 se
1301 3088 1373 3134 non

241 3166 370 3240 habere
404 3195 447 3237 ex
474 3172 520 3252 iis
553 3193 640 3258 quse
674 3178 869 3258 sequuntur
903 3180 1051 3250 (attente
1072 3173 1232 3260 perlegas
1261 3171 1379 3238 nolim.
1407 3191 1409 3196 ·

241 3298 361 3358 versus
394 3274 476 3341 inde
504 3296 528 3350 o
550 3296 581 3342 u
616 3277 677 3348 133.
707 3297 815 3361 usque
839 3275 885 3342 ud
907 3297 938 3342 v.
964 3279 1039 3354 141)
1064 3275 1192 3356 evodii,
1215 3276 1278 3341 ubi
1303 3275 1374 3340 Lu·

242 3381 370 3447 oreiius
397 3379 501 3444 dicii:
524 3378 638 3465 primu
658 3379 790 3450 moveri
812 3379 1003 3466 primordio
1026 3380 1081 3466 (ς
1102 3380 1296 3467 principis),
1313 3400 1374 3444 eo-

240 3507 318 3552 rum
350 3482 479 3548 ictibus
514 3481 682 3568 impulsas
709 3481 793 3547 alius
816 3503 881 3565 res,
904 3482 1023 3567 itaque
1047 3483 1122 3549 fieri
1144 3489 1184 3548 ui
1206 3482 1378 3566 aprinci-

235 3589 306 3672 piis
339 3585 493 3654 ascendat
523 3588 629 3650 motus
659 3583 831 3670 paulatim
864 3585 908 3650 ad
934 3590 1073 3652 nostros
1096 3607 1216 3652 sensus
1238 3590 1278 3650 ui
1295 3606 1372 3650 mo·

241 3695 389 3756 voantur
409 3686 470 3754 iila
492 3708 626 3773 qnoque,
649 3708 733 3770 pune
754 3688 793 3754 in
814 3687 877 3754 sole
900 3710 1090 3756 cernamus.
1149 3688 1283 3773 Quibus
1305 3687 1376 3774 igi·

241 3881 447 3892 ..—

399 3995 458 4050 cfr.
476 3995 685 4053 Lachmann.
704 3996 814 4050 Comm.
832 3997 869 4051 ad
887 3996 915 4052 h.
934 3997 952 4051 l.

343 4001 351 4030 1

343 3997 364 4168 ΕΞ
382 4098 426 4151 De
443 4098 496 4167 Ab,
515 4097 567 4167 Do,
586 4097 631 4151 Ex
649 4085 767 4171 pruepp.
786 4117 842 4154 usu
861 4100 982 4154 Varron.
1002 4117 1029 4172 p.
1048 4067 1092 4170 20,¹
1108 4103 1141 4170 c).

344 4203 365 4268 ³)
383 4201 427 4255 De
446 4217 532 4254 serm.
550 4200 637 4256 Luor.
656 4218 682 4273 p.
700 4203 742 4255 47.
