<?xml version="1.0" encoding="UTF-8"?>
<!DOCTYPE html PUBLIC "-//W3C//DTD XHTML 1.0 Transitional//EN"
    "http://www.w3.org/TR/xhtml1/DTD/xhtml1-transitional.dtd">
<html xmlns="http://www.w3.org/1999/xhtml" xml:lang="en" lang="en">
 <head>
  <title>
</title>
<meta http-equiv="Content-Type" content="text/html;charset=utf-8" />
  <meta name='ocr-system' content='tesseract 3.04.00' />
  <meta name='ocr-capabilities' content='ocr_page ocr_carea ocr_par ocr_line ocrx_word'/>
</head>
<body>
  <div class='ocr_page' id='page_1' title='image "./depraecipuarump00hertgoog_0031.png"; bbox 0 0 3188 4944; ppageno 0'>
   <div class='ocr_carea' id='block_1_1' title="bbox 309 365 346 428">
    <p class='ocr_par' dir='ltr' id='par_1_1' title="bbox 309 365 346 428">
     <span class='ocr_line' id='line_1_1' title="bbox 309 365 346 428; baseline 0.027 -1"><span class='ocrx_word' id='word_1_1' title='bbox 309 365 346 428; x_wconf 89' lang='lat'><strong>16</strong></span> 
     </span>
    </p>
   </div>
   <div class='ocr_carea' id='block_1_2' title="bbox 242 541 1457 2478">
    <p class='ocr_par' dir='ltr' id='par_1_2' title="bbox 261 541 1394 1244">
     <span class='ocr_line' id='line_1_2' title="bbox 262 541 1393 632; baseline -0.008 -18"><span class='ocrx_word' id='word_1_2' title='bbox 262 571 343 614; x_wconf 87' lang='lat' dir='ltr'><strong>vero</strong></span> <span class='ocrx_word' id='word_1_3' title='bbox 389 548 466 626; x_wconf 89' lang='lat' dir='ltr'><strong>loco</strong></span> <span class='ocrx_word' id='word_1_4' title='bbox 509 545 739 632; x_wconf 88' lang='lat' dir='ltr'><strong>elliptioam</strong></span> <span class='ocrx_word' id='word_1_5' title='bbox 783 545 958 629; x_wconf 88' lang='lat' dir='ltr'><strong>quandam</strong></span> <span class='ocrx_word' id='word_1_6' title='bbox 1001 543 1201 608; x_wconf 87' lang='lat' dir='ltr'><strong>rationem</strong></span> <span class='ocrx_word' id='word_1_7' title='bbox 1242 541 1393 607; x_wconf 86' lang='lat' dir='ltr'><strong>valuisse</strong></span> 
     </span>
     <span class='ocr_line' id='line_1_3' title="bbox 261 643 1394 738; baseline -0.006 -22"><span class='ocrx_word' id='word_1_8' title='bbox 261 651 469 738; x_wconf 88' lang='lat' dir='ltr'><strong>putaverim,</strong></span> <span class='ocrx_word' id='word_1_9' title='bbox 503 649 554 713; x_wconf 90' lang='lat' dir='ltr'><strong>ita</strong></span> <span class='ocrx_word' id='word_1_10' title='bbox 587 655 628 714; x_wconf 91' lang='lat' dir='ltr'><strong>ut</strong></span> <span class='ocrx_word' id='word_1_11' title='bbox 661 648 705 714; x_wconf 85' lang='lat' dir='ltr'><strong>ad</strong></span> <span class='ocrx_word' id='word_1_12' title='bbox 737 647 896 733; x_wconf 70' lang='lat' dir='ltr'><strong>tulporem</strong></span> <span class='ocrx_word' id='word_1_13' title='bbox 929 647 969 714; x_wconf 85' lang='lat' dir='ltr'><strong>ab</strong></span> <span class='ocrx_word' id='word_1_14' title='bbox 1002 668 1086 713; x_wconf 82' lang='lat' dir='ltr'><strong>curo</strong></span> <span class='ocrx_word' id='word_1_15' title='bbox 1109 667 1161 710; x_wconf 83' lang='lat' dir='ltr'><strong>ex.</strong></span> <span class='ocrx_word' id='word_1_16' title='bbox 1187 667 1237 731; x_wconf 88' lang='lat' dir='ltr'><strong>gr.</strong></span> <span class='ocrx_word' id='word_1_17' title='bbox 1263 643 1394 730; x_wconf 79' lang='lat' dir='ltr'><strong>profici-</strong></span> 
     </span>
     <span class='ocr_line' id='line_1_4' title="bbox 261 746 1394 836; baseline -0.007 -17"><span class='ocrx_word' id='word_1_18' title='bbox 261 758 397 819; x_wconf 77' lang='lat' dir='ltr'><strong>scentem</strong></span> <span class='ocrx_word' id='word_1_19' title='bbox 447 752 505 816; x_wconf 89' lang='lat' dir='ltr'><strong>vel</strong></span> <span class='ocrx_word' id='word_1_20' title='bbox 548 751 730 836; x_wconf 69' lang='lat' dir='ltr'><strong>profectam</strong></span> <span class='ocrx_word' id='word_1_21' title='bbox 779 750 837 815; x_wconf 82' lang='lat' dir='ltr'><strong>vel</strong></span> <span class='ocrx_word' id='word_1_22' title='bbox 888 750 984 815; x_wconf 84' lang='lat' dir='ltr'><strong>aliud</strong></span> <span class='ocrx_word' id='word_1_23' title='bbox 1037 748 1171 834; x_wconf 86' lang='lat' dir='ltr'><strong>aliquid</strong></span> <span class='ocrx_word' id='word_1_24' title='bbox 1224 746 1394 814; x_wconf 88' lang='lat' dir='ltr'><strong>eiusmodi</strong></span> 
     </span>
     <span class='ocr_line' id='line_1_5' title="bbox 262 851 1394 921; baseline -0.006 0"><span class='ocrx_word' id='word_1_25' title='bbox 262 855 542 921; x_wconf 87' lang='lat' dir='ltr'><strong>subaudiendum</strong></span> <span class='ocrx_word' id='word_1_26' title='bbox 587 854 642 918; x_wconf 93' lang='lat' dir='ltr'><strong>sit.</strong></span> <span class='ocrx_word' id='word_1_27' title='bbox 698 853 789 918; x_wconf 83' lang='lat' dir='ltr'><strong>Sunt</strong></span> <span class='ocrx_word' id='word_1_28' title='bbox 833 861 948 918; x_wconf 91' lang='lat' dir='ltr'><strong>autem</strong></span> <span class='ocrx_word' id='word_1_29' title='bbox 985 853 1180 917; x_wconf 91' lang='lat' dir='ltr'><strong>locutiones</strong></span> <span class='ocrx_word' id='word_1_30' title='bbox 1217 851 1394 916; x_wconf 78' lang='lat' dir='ltr'><strong>breviatae</strong></span> 
     </span>
     <span class='ocr_line' id='line_1_6' title="bbox 262 953 1393 1042; baseline -0.005 -19"><span class='ocrx_word' id='word_1_31' title='bbox 262 957 355 1023; x_wconf 88' lang='lat' dir='ltr'><strong>haud</strong></span> <span class='ocrx_word' id='word_1_32' title='bbox 373 959 508 1023; x_wconf 87' lang='lat' dir='ltr'><strong>alienae</strong></span> <span class='ocrx_word' id='word_1_33' title='bbox 524 979 545 1021; x_wconf 87' lang='lat' dir='ltr'><strong>a</strong></span> <span class='ocrx_word' id='word_1_34' title='bbox 561 978 718 1022; x_wconf 80' lang='lat' dir='ltr'><strong>sermone</strong></span> <span class='ocrx_word' id='word_1_35' title='bbox 733 955 900 1033; x_wconf 86' lang='lat' dir='ltr'><strong>Lucretii,</strong></span> <span class='ocrx_word' id='word_1_36' title='bbox 918 955 1048 1042; x_wconf 87' lang='lat' dir='ltr'><strong>quippe</strong></span> <span class='ocrx_word' id='word_1_37' title='bbox 1065 955 1126 1039; x_wconf 89' lang='lat' dir='ltr'><strong>qui</strong></span> <span class='ocrx_word' id='word_1_38' title='bbox 1143 976 1220 1019; x_wconf 90' lang='lat' dir='ltr'><strong>oum</strong></span> <span class='ocrx_word' id='word_1_39' title='bbox 1237 953 1393 1038; x_wconf 81' lang='lat' dir='ltr'><strong>aliter1)</strong></span> 
     </span>
     <span class='ocr_line' id='line_1_7' title="bbox 263 1056 1394 1144; baseline -0.005 -19"><span class='ocrx_word' id='word_1_40' title='bbox 263 1066 335 1125; x_wconf 91' lang='lat' dir='ltr'><strong>tum</strong></span> <span class='ocrx_word' id='word_1_41' title='bbox 358 1059 510 1125; x_wconf 87' lang='lat' dir='ltr'><strong>deloco</strong></span> <span class='ocrx_word' id='word_1_42' title='bbox 534 1058 592 1142; x_wconf 88' lang='lat' dir='ltr'><strong>VI,</strong></span> <span class='ocrx_word' id='word_1_43' title='bbox 617 1060 676 1125; x_wconf 88' lang='grc'><strong>148</strong></span> <span class='ocrx_word' id='word_1_44' title='bbox 700 1059 817 1144; x_wconf 89' lang='lat' dir='ltr'><strong>ellipsi</strong></span> <span class='ocrx_word' id='word_1_45' title='bbox 839 1057 1003 1140; x_wconf 69' lang='lat' dir='ltr'><strong>terrione</strong></span> <span class='ocrx_word' id='word_1_46' title='bbox 1025 1057 1218 1142; x_wconf 68' lang='lat' dir='ltr'><strong><em>fornacibus</em></strong></span> <span class='ocrx_word' id='word_1_47' title='bbox 1241 1056 1394 1138; x_wconf 69' lang='lat' dir='ltr'><strong>(scitar-</strong></span> 
     </span>
     <span class='ocr_line' id='line_1_8' title="bbox 262 1161 750 1244; baseline -0.002 -18"><span class='ocrx_word' id='word_1_48' title='bbox 262 1166 424 1244; x_wconf 88' lang='lat' dir='ltr'><strong>tractum)</strong></span> <span class='ocrx_word' id='word_1_49' title='bbox 447 1161 561 1227; x_wconf 76' lang='lat' dir='ltr'><em>stridit</em></span> <span class='ocrx_word' id='word_1_50' title='bbox 582 1183 664 1226; x_wconf 91' lang='lat' dir='ltr'><strong>usus</strong></span> <span class='ocrx_word' id='word_1_51' title='bbox 687 1168 750 1226; x_wconf 85' lang='lat' dir='ltr'><strong>est.</strong></span> 
     </span>
    </p>

    <p class='ocr_par' dir='ltr' id='par_1_3' title="bbox 242 1261 1457 1764">
     <span class='ocr_line' id='line_1_9' title="bbox 364 1261 1393 1350; baseline -0.006 -19"><span class='ocrx_word' id='word_1_52' title='bbox 364 1265 557 1331; x_wconf 78' lang='lat' dir='ltr'><strong>Notissima</strong></span> <span class='ocrx_word' id='word_1_53' title='bbox 589 1264 652 1329; x_wconf 89' lang='lat' dir='ltr'><strong>illa</strong></span> <span class='ocrx_word' id='word_1_54' title='bbox 684 1265 815 1330; x_wconf 86' lang='lat' dir='ltr'><strong>locutio</strong></span> <span class='ocrx_word' id='word_1_55' title='bbox 850 1285 872 1330; x_wconf 87' lang='lat' dir='ltr'><strong>u</strong></span> <span class='ocrx_word' id='word_1_56' title='bbox 905 1269 991 1349; x_wconf 76' lang='lat' dir='ltr'><strong>terqo</strong></span> <span class='ocrx_word' id='word_1_57' title='bbox 1026 1262 1299 1350; x_wconf 80' lang='lat' dir='ltr'><strong>deprehenditur</strong></span> <span class='ocrx_word' id='word_1_58' title='bbox 1333 1261 1393 1343; x_wconf 82' lang='lat' dir='ltr'><strong>VI,</strong></span> 
     </span>
     <span class='ocr_line' id='line_1_10' title="bbox 265 1365 1392 1453; baseline -0.005 -19"><span class='ocrx_word' id='word_1_59' title='bbox 265 1370 345 1435; x_wconf 87' lang='grc'><strong>1026</strong></span> <span class='ocrx_word' id='word_1_60' title='bbox 380 1377 439 1432; x_wconf 74' lang='lat' dir='ltr'><strong>uer</strong></span> <span class='ocrx_word' id='word_1_61' title='bbox 471 1389 492 1433; x_wconf 83' lang='lat' dir='ltr'><strong>a</strong></span> <span class='ocrx_word' id='word_1_62' title='bbox 527 1372 614 1451; x_wconf 73' lang='lat' dir='ltr'><strong>torpe</strong></span> <span class='ocrx_word' id='word_1_63' title='bbox 648 1367 748 1452; x_wconf 82' lang='lat' dir='ltr'><strong>quasi</strong></span> <span class='ocrx_word' id='word_1_64' title='bbox 781 1367 952 1453; x_wconf 91' lang='lat' dir='ltr'><strong>provehat</strong></span> <span class='ocrx_word' id='word_1_65' title='bbox 977 1372 1080 1452; x_wconf 88' lang='lat' dir='ltr'><strong>atque</strong></span> <span class='ocrx_word' id='word_1_66' title='bbox 1103 1365 1286 1452; x_wconf 88' lang='lat' dir='ltr'><strong>propellat.</strong></span> <span class='ocrx_word' id='word_1_67' title='bbox 1333 1365 1392 1444; x_wconf 91' lang='lat' dir='ltr'><strong>IV,</strong></span> 
     </span>
     <span class='ocr_line' id='line_1_11' title="bbox 263 1467 1393 1554; baseline -0.006 -16"><span class='ocrx_word' id='word_1_68' title='bbox 263 1473 335 1538; x_wconf 84' lang='lat'><strong>195.</strong></span> <span class='ocrx_word' id='word_1_69' title='bbox 376 1470 416 1548; x_wconf 91' lang='lat' dir='ltr'><strong>V,</strong></span> <span class='ocrx_word' id='word_1_70' title='bbox 461 1473 552 1536; x_wconf 87' lang='grc'>1320.</span> <span class='ocrx_word' id='word_1_71' title='bbox 608 1469 659 1535; x_wconf 72' lang='grc' dir='ltr'><strong>ΑΙ)</strong></span> <span class='ocrx_word' id='word_1_72' title='bbox 692 1469 746 1534; x_wconf 89' lang='lat' dir='ltr'><strong>his</strong></span> <span class='ocrx_word' id='word_1_73' title='bbox 780 1469 867 1534; x_wconf 86' lang='lat' dir='ltr'><strong>locis</strong></span> <span class='ocrx_word' id='word_1_74' title='bbox 900 1474 1033 1534; x_wconf 89' lang='lat' dir='ltr'><strong>motum</strong></span> <span class='ocrx_word' id='word_1_75' title='bbox 1065 1467 1228 1554; x_wconf 84' lang='lat' dir='ltr'><strong>exprimit</strong></span> <span class='ocrx_word' id='word_1_76' title='bbox 1262 1467 1393 1552; x_wconf 84' lang='lat' dir='ltr'><strong>cogita-</strong></span> 
     </span>
     <span class='ocr_line' id='line_1_12' title="bbox 260 1563 1457 1658; baseline -0.005 -19"><span class='ocrx_word' id='word_1_77' title='bbox 260 1573 368 1642; x_wconf 86' lang='lat' dir='ltr'><strong>tionis</strong></span> <span class='ocrx_word' id='word_1_78' title='bbox 399 1596 419 1637; x_wconf 89' lang='lat' dir='ltr'><strong>a</strong></span> <span class='ocrx_word' id='word_1_79' title='bbox 441 1578 540 1658; x_wconf 87' lang='lat' dir='ltr'><strong>tergo</strong></span> <span class='ocrx_word' id='word_1_80' title='bbox 563 1573 608 1638; x_wconf 83' lang='lat' dir='ltr'><strong>ad</strong></span> <span class='ocrx_word' id='word_1_81' title='bbox 630 1594 712 1652; x_wconf 87' lang='lat' dir='ltr'><strong>rem,</strong></span> <span class='ocrx_word' id='word_1_82' title='bbox 736 1593 824 1657; x_wconf 90' lang='lat' dir='ltr'><strong>quae</strong></span> <span class='ocrx_word' id='word_1_83' title='bbox 847 1572 1008 1637; x_wconf 82' lang='lat' dir='ltr'><strong>alicunde</strong></span> <span class='ocrx_word' id='word_1_84' title='bbox 1032 1572 1177 1636; x_wconf 90' lang='lat' dir='ltr'><strong>veniens</strong></span> <span class='ocrx_word' id='word_1_85' title='bbox 1199 1571 1237 1634; x_wconf 93' lang='lat' dir='ltr'><strong>in</strong></span> <span class='ocrx_word' id='word_1_86' title='bbox 1259 1575 1394 1655; x_wconf 85' lang='lat' dir='ltr'><strong>tergum</strong></span> <span class='ocrx_word' id='word_1_87' title='bbox 1448 1563 1457 1578; x_wconf 81' lang='grc'><em>’</em></span> 
     </span>
     <span class='ocr_line' id='line_1_13' title="bbox 242 1675 552 1764; baseline 0.006 -24"><span class='ocrx_word' id='word_1_88' title='bbox 242 1677 434 1764; x_wconf 86' lang='lat' dir='ltr'><strong>&#39;impeturn</strong></span> <span class='ocrx_word' id='word_1_89' title='bbox 457 1675 552 1742; x_wconf 88' lang='lat' dir='ltr'><strong>facit.</strong></span> 
     </span>
    </p>

    <p class='ocr_par' dir='ltr' id='par_1_4' title="bbox 261 1774 1396 2272">
     <span class='ocr_line' id='line_1_14' title="bbox 365 1774 1396 1843; baseline -0.003 0"><span class='ocrx_word' id='word_1_90' title='bbox 365 1779 433 1843; x_wconf 89' lang='lat' dir='ltr'><strong>Pro</strong></span> <span class='ocrx_word' id='word_1_91' title='bbox 466 1797 505 1842; x_wconf 76' lang='lat' dir='ltr'><strong>en</strong></span> <span class='ocrx_word' id='word_1_92' title='bbox 538 1776 613 1841; x_wconf 85' lang='lat' dir='ltr'><strong>sine</strong></span> <span class='ocrx_word' id='word_1_93' title='bbox 643 1775 750 1841; x_wconf 85' lang='lat' dir='ltr'><strong>dubio</strong></span> <span class='ocrx_word' id='word_1_94' title='bbox 771 1777 892 1842; x_wconf 89' lang='lat' dir='ltr'><strong>metri</strong></span> <span class='ocrx_word' id='word_1_95' title='bbox 915 1798 1038 1842; x_wconf 86' lang='lat' dir='ltr'><strong>causa</strong></span> <span class='ocrx_word' id='word_1_96' title='bbox 1062 1774 1258 1840; x_wconf 87' lang='lat' dir='ltr'><strong>adhibitum</strong></span> <span class='ocrx_word' id='word_1_97' title='bbox 1281 1781 1334 1839; x_wconf 88' lang='lat' dir='ltr'><strong>est</strong></span> <span class='ocrx_word' id='word_1_98' title='bbox 1355 1774 1396 1840; x_wconf 80' lang='lat' dir='ltr'><strong>nb</strong></span> 
     </span>
     <span class='ocr_line' id='line_1_15' title="bbox 262 1877 1395 1963; baseline -0.002 -18"><span class='ocrx_word' id='word_1_99' title='bbox 262 1881 301 1945; x_wconf 95' lang='lat' dir='ltr'><strong>in</strong></span> <span class='ocrx_word' id='word_1_100' title='bbox 332 1880 397 1957; x_wconf 90' lang='lat' dir='ltr'>III,</span> <span class='ocrx_word' id='word_1_101' title='bbox 432 1880 472 1946; x_wconf 72' lang='lat'><strong>57</strong></span> <span class='ocrx_word' id='word_1_102' title='bbox 502 1901 581 1944; x_wconf 90' lang='lat' dir='ltr'><strong>nam</strong></span> <span class='ocrx_word' id='word_1_103' title='bbox 615 1900 717 1943; x_wconf 90' lang='lat' dir='ltr'><strong>verae</strong></span> <span class='ocrx_word' id='word_1_104' title='bbox 741 1899 843 1944; x_wconf 88' lang='lat' dir='ltr'><strong>voces</strong></span> <span class='ocrx_word' id='word_1_105' title='bbox 865 1885 940 1943; x_wconf 91' lang='lat' dir='ltr'><strong>tum</strong></span> <span class='ocrx_word' id='word_1_106' title='bbox 964 1879 1103 1943; x_wconf 89' lang='lat' dir='ltr'><strong>demum</strong></span> <span class='ocrx_word' id='word_1_107' title='bbox 1120 1883 1247 1963; x_wconf 75' lang='lat' dir='ltr'><strong>pectore</strong></span> <span class='ocrx_word' id='word_1_108' title='bbox 1270 1877 1309 1944; x_wconf 85' lang='lat' dir='ltr'><strong>ub</strong></span> <span class='ocrx_word' id='word_1_109' title='bbox 1331 1880 1395 1943; x_wconf 83' lang='lat' dir='ltr'><strong>imo</strong></span> 
     </span>
     <span class='ocr_line' id='line_1_16' title="bbox 261 1980 1394 2068; baseline -0.004 -20"><span class='ocrx_word' id='word_1_110' title='bbox 261 1983 436 2048; x_wconf 79' lang='lat' dir='ltr'><strong>eiciuntur.</strong></span> <span class='ocrx_word' id='word_1_111' title='bbox 484 1980 542 2059; x_wconf 91' lang='lat' dir='ltr'><strong>VI,</strong></span> <span class='ocrx_word' id='word_1_112' title='bbox 565 1985 627 2048; x_wconf 81' lang='grc'><strong>687</strong></span> <span class='ocrx_word' id='word_1_113' title='bbox 656 1981 714 2046; x_wconf 87' lang='lat' dir='ltr'><strong>hic</strong></span> <span class='ocrx_word' id='word_1_114' title='bbox 736 1981 798 2046; x_wconf 91' lang='lat' dir='ltr'><strong>ubi</strong></span> <span class='ocrx_word' id='word_1_115' title='bbox 817 1983 990 2068; x_wconf 86' lang='lat' dir='ltr'><strong>percaluit</strong></span> <span class='ocrx_word' id='word_1_116' title='bbox 1016 1981 1089 2046; x_wconf 87' lang='lat' dir='ltr'><strong>cale</strong></span> <span class='ocrx_word' id='word_1_117' title='bbox 1107 1981 1261 2066; x_wconf 85' lang='lat' dir='ltr'><strong>fecitque</strong></span> <span class='ocrx_word' id='word_1_118' title='bbox 1278 1981 1394 2045; x_wconf 86' lang='lat' dir='ltr'><strong>omnia</strong></span> 
     </span>
     <span class='ocr_line' id='line_1_17' title="bbox 263 2082 1395 2170; baseline -0.002 -20"><span class='ocrx_word' id='word_1_119' title='bbox 263 2086 392 2150; x_wconf 87' lang='lat' dir='ltr'><strong>circum</strong></span> <span class='ocrx_word' id='word_1_120' title='bbox 415 2106 497 2150; x_wconf 90' lang='lat' dir='ltr'><strong>saxa</strong></span> <span class='ocrx_word' id='word_1_121' title='bbox 520 2084 650 2158; x_wconf 76' lang='lat' dir='ltr'><strong>iurene,</strong></span> <span class='ocrx_word' id='word_1_122' title='bbox 674 2105 742 2168; x_wconf 90' lang='lat' dir='ltr'><strong>qua</strong></span> <span class='ocrx_word' id='word_1_123' title='bbox 766 2084 950 2170; x_wconf 83' lang='lat' dir='ltr'><strong>contingit,</strong></span> <span class='ocrx_word' id='word_1_124' title='bbox 973 2090 1179 2168; x_wconf 89' lang='lat' dir='ltr'><strong>terramque,</strong></span> <span class='ocrx_word' id='word_1_125' title='bbox 1205 2091 1240 2148; x_wconf 90' lang='lat' dir='ltr'><strong>et</strong></span> <span class='ocrx_word' id='word_1_126' title='bbox 1262 2083 1301 2149; x_wconf 83' lang='lat' dir='ltr'><strong>ab</strong></span> <span class='ocrx_word' id='word_1_127' title='bbox 1323 2082 1395 2149; x_wconf 78' lang='lat' dir='ltr'><strong>ollis</strong></span> 
     </span>
     <span class='ocr_line' id='line_1_18' title="bbox 262 2185 1095 2272; baseline -0.001 -19"><span class='ocrx_word' id='word_1_128' title='bbox 262 2188 404 2255; x_wconf 73' lang='lat' dir='ltr'><strong>excussit</strong></span> <span class='ocrx_word' id='word_1_129' title='bbox 424 2186 573 2252; x_wconf 86' lang='lat' dir='ltr'><strong>calidum</strong></span> <span class='ocrx_word' id='word_1_130' title='bbox 595 2185 742 2252; x_wconf 84' lang='lat' dir='ltr'><strong>flammis</strong></span> <span class='ocrx_word' id='word_1_131' title='bbox 764 2187 945 2252; x_wconf 83' lang='lat' dir='ltr'><strong>velocibus</strong></span> <span class='ocrx_word' id='word_1_132' title='bbox 970 2186 1095 2272; x_wconf 85' lang='lat' dir='ltr'><strong>ignem.</strong></span> 
     </span>
    </p>

    <p class='ocr_par' dir='ltr' id='par_1_5' title="bbox 262 2286 1393 2478">
     <span class='ocr_line' id='line_1_19' title="bbox 366 2286 1393 2374; baseline -0.004 -18"><span class='ocrx_word' id='word_1_133' title='bbox 366 2291 398 2374; x_wconf 83' lang='lat' dir='ltr'><strong>b)</strong></span> <span class='ocrx_word' id='word_1_134' title='bbox 419 2292 470 2355; x_wconf 89' lang='lat' dir='ltr'><strong>De</strong></span> <span class='ocrx_word' id='word_1_135' title='bbox 488 2295 615 2354; x_wconf 87' lang='lat' dir='ltr'><strong>statu:</strong></span> <span class='ocrx_word' id='word_1_136' title='bbox 631 2291 677 2371; x_wconf 86' lang='grc' dir='ltr'><strong>ΙΙ,</strong></span> <span class='ocrx_word' id='word_1_137' title='bbox 698 2292 761 2356; x_wconf 87' lang='grc'><strong>312</strong></span> <span class='ocrx_word' id='word_1_138' title='bbox 783 2291 894 2355; x_wconf 87' lang='lat' dir='ltr'><strong>omnis</strong></span> <span class='ocrx_word' id='word_1_139' title='bbox 916 2290 1009 2354; x_wconf 91' lang='lat' dir='ltr'><strong>enim</strong></span> <span class='ocrx_word' id='word_1_140' title='bbox 1032 2290 1124 2374; x_wconf 68' lang='lat' dir='ltr'><strong>torpe</strong></span> <span class='ocrx_word' id='word_1_141' title='bbox 1136 2286 1310 2354; x_wconf 67' lang='lat' dir='ltr'><strong>nostriset</strong></span> <span class='ocrx_word' id='word_1_142' title='bbox 1322 2307 1393 2352; x_wconf 80' lang='lat' dir='ltr'><strong>seu-</strong></span> 
     </span>
     <span class='ocr_line' id='line_1_20' title="bbox 262 2388 1388 2478; baseline 0 -20"><span class='ocrx_word' id='word_1_143' title='bbox 262 2393 350 2459; x_wconf 80' lang='lat' dir='ltr'><strong>sibus</strong></span> <span class='ocrx_word' id='word_1_144' title='bbox 382 2394 475 2457; x_wconf 84' lang='lat' dir='ltr'><strong>infra</strong></span> <span class='ocrx_word' id='word_1_145' title='bbox 507 2393 695 2478; x_wconf 89' lang='lat' dir='ltr'><strong>primorum</strong></span> <span class='ocrx_word' id='word_1_146' title='bbox 720 2399 845 2457; x_wconf 89' lang='lat' dir='ltr'><strong>natura</strong></span> <span class='ocrx_word' id='word_1_147' title='bbox 867 2393 966 2457; x_wconf 85' lang='lat' dir='ltr'><strong>iacet.</strong></span> <span class='ocrx_word' id='word_1_148' title='bbox 1009 2392 1051 2469; x_wconf 88' lang='lat' dir='ltr'><strong>V,</strong></span> <span class='ocrx_word' id='word_1_149' title='bbox 1076 2393 1147 2458; x_wconf 87' lang='grc'>149.</span> <span class='ocrx_word' id='word_1_150' title='bbox 1170 2390 1230 2469; x_wconf 93' lang='lat' dir='ltr'><strong>IV,</strong></span> <span class='ocrx_word' id='word_1_151' title='bbox 1253 2390 1327 2455; x_wconf 78' lang='lat'><strong>417.</strong></span> <span class='ocrx_word' id='word_1_152' title='bbox 1350 2388 1388 2460; x_wconf 76' lang='lat' dir='ltr'><strong>V,</strong></span> 
     </span>
    </p>
   </div>
   <div class='ocr_carea' id='block_1_3' title="bbox 244 2494 1248 2580">
    <p class='ocr_par' dir='ltr' id='par_1_6' title="bbox 244 2494 1248 2580">
     <span class='ocr_line' id='line_1_21' title="bbox 244 2494 1248 2580; baseline -0.004 -18"><span class='ocrx_word' id='word_1_153' title='bbox 244 2498 335 2580; x_wconf 77' lang='lat'><strong>&#39;630‚</strong></span> <span class='ocrx_word' id='word_1_154' title='bbox 363 2498 433 2562; x_wconf 89' lang='lat'><strong>133.</strong></span> <span class='ocrx_word' id='word_1_155' title='bbox 457 2495 523 2572; x_wconf 89' lang='grc' dir='ltr'>ΙΙΙ,</span> <span class='ocrx_word' id='word_1_156' title='bbox 546 2498 618 2563; x_wconf 79' lang='grc'><strong>789.</strong></span> <span class='ocrx_word' id='word_1_157' title='bbox 640 2496 701 2580; x_wconf 88' lang='lat' dir='ltr'><strong>IV,</strong></span> <span class='ocrx_word' id='word_1_158' title='bbox 726 2494 848 2572; x_wconf 67' lang='lat'>2441,</span> <span class='ocrx_word' id='word_1_159' title='bbox 872 2496 944 2562; x_wconf 81' lang='grc'><strong>758.</strong></span> <span class='ocrx_word' id='word_1_160' title='bbox 967 2495 1013 2574; x_wconf 81' lang='grc' dir='ltr'><strong>Π,</strong></span> <span class='ocrx_word' id='word_1_161' title='bbox 1037 2497 1086 2562; x_wconf 83' lang='grc'><strong>82.</strong></span> <span class='ocrx_word' id='word_1_162' title='bbox 1110 2495 1151 2573; x_wconf 92' lang='lat' dir='ltr'><strong>V,</strong></span> <span class='ocrx_word' id='word_1_163' title='bbox 1178 2495 1248 2559; x_wconf 89' lang='grc'><strong>122.</strong></span> 
     </span>
    </p>
   </div>
   <div class='ocr_carea' id='block_1_4' title="bbox 439 2717 1221 2819">
    <p class='ocr_par' dir='ltr' id='par_1_7' title="bbox 439 2717 1221 2819">
     <span class='ocr_line' id='line_1_22' title="bbox 439 2717 1221 2819; baseline 0.001 -22"><span class='ocrx_word' id='word_1_164' title='bbox 439 2717 484 2798; x_wconf 90' lang='lat'><strong>11.</strong></span> <span class='ocrx_word' id='word_1_165' title='bbox 538 2717 649 2813; x_wconf 76' lang='lat' dir='ltr'><strong>„Au‘</strong></span> <span class='ocrx_word' id='word_1_166' title='bbox 676 2718 728 2800; x_wconf 87' lang='lat' dir='ltr'><strong>de</strong></span> <span class='ocrx_word' id='word_1_167' title='bbox 754 2722 949 2819; x_wconf 87' lang='lat' dir='ltr'><strong>tempore</strong></span> <span class='ocrx_word' id='word_1_168' title='bbox 975 2718 1221 2799; x_wconf 86' lang='lat' dir='ltr'><strong>adhibitum.</strong></span> 
     </span>
    </p>
   </div>
   <div class='ocr_carea' id='block_1_5' title="bbox 260 2904 1394 4119">
    <p class='ocr_par' dir='ltr' id='par_1_8' title="bbox 260 2904 1394 3894">
     <span class='ocr_line' id='line_1_23' title="bbox 366 2904 1393 2990; baseline 0 -22"><span class='ocrx_word' id='word_1_169' title='bbox 366 2904 582 2990; x_wconf 85' lang='lat' dir='ltr'><strong>Significatio</strong></span> <span class='ocrx_word' id='word_1_170' title='bbox 605 2906 753 2971; x_wconf 89' lang='lat' dir='ltr'><strong>localis</strong></span> <span class='ocrx_word' id='word_1_171' title='bbox 777 2913 891 2972; x_wconf 88' lang='lat' dir='ltr'><strong>motus</strong></span> <span class='ocrx_word' id='word_1_172' title='bbox 915 2904 1064 2970; x_wconf 86' lang='lat' dir='ltr'><strong>alicuius</strong></span> <span class='ocrx_word' id='word_1_173' title='bbox 1079 2904 1130 2969; x_wconf 87' lang='lat' dir='ltr'><strong>rei</strong></span> <span class='ocrx_word' id='word_1_174' title='bbox 1148 2904 1315 2969; x_wconf 89' lang='lat' dir='ltr'><strong>initium</strong></span> <span class='ocrx_word' id='word_1_175' title='bbox 1332 2904 1393 2968; x_wconf 89' lang='lat' dir='ltr'><strong>ali-</strong></span> 
     </span>
     <span class='ocr_line' id='line_1_24' title="bbox 262 3007 1393 3094; baseline -0.001 -23"><span class='ocrx_word' id='word_1_176' title='bbox 262 3007 376 3072; x_wconf 88' lang='lat' dir='ltr'><strong>cunde</strong></span> <span class='ocrx_word' id='word_1_177' title='bbox 410 3008 616 3093; x_wconf 90' lang='lat' dir='ltr'><strong>capientis</strong></span> <span class='ocrx_word' id='word_1_178' title='bbox 643 3009 747 3072; x_wconf 78' lang='lat' dir='ltr'><strong>i&#39;aoile</strong></span> <span class='ocrx_word' id='word_1_179' title='bbox 771 3013 815 3073; x_wconf 89' lang='lat' dir='ltr'><strong>ad</strong></span> <span class='ocrx_word' id='word_1_180' title='bbox 838 3013 996 3094; x_wconf 90' lang='lat' dir='ltr'><strong>tempus</strong></span> <span class='ocrx_word' id='word_1_181' title='bbox 1019 3007 1237 3072; x_wconf 74' lang='lat' dir='ltr'><strong>transfertur.</strong></span> <span class='ocrx_word' id='word_1_182' title='bbox 1283 3007 1393 3084; x_wconf 81' lang='lat' dir='ltr'><strong>Quam</strong></span> 
     </span>
     <span class='ocr_line' id='line_1_25' title="bbox 262 3109 1394 3195; baseline 0 -23"><span class='ocrx_word' id='word_1_183' title='bbox 262 3109 552 3194; x_wconf 86' lang='lat' dir='ltr'><strong>significationem</strong></span> <span class='ocrx_word' id='word_1_184' title='bbox 592 3111 702 3175; x_wconf 85' lang='lat' dir='ltr'><strong>facere</strong></span> <span class='ocrx_word' id='word_1_185' title='bbox 734 3132 805 3175; x_wconf 91' lang='lat' dir='ltr'><strong>non</strong></span> <span class='ocrx_word' id='word_1_186' title='bbox 838 3131 978 3195; x_wconf 86' lang='lat' dir='ltr'><strong>possum</strong></span> <span class='ocrx_word' id='word_1_187' title='bbox 1010 3116 1051 3174; x_wconf 94' lang='lat' dir='ltr'><strong>ut</strong></span> <span class='ocrx_word' id='word_1_188' title='bbox 1086 3110 1124 3174; x_wconf 91' lang='lat' dir='ltr'><strong>in</strong></span> <span class='ocrx_word' id='word_1_189' title='bbox 1161 3109 1229 3173; x_wconf 93' lang='lat' dir='ltr'><strong>duo</strong></span> <span class='ocrx_word' id='word_1_190' title='bbox 1265 3130 1394 3194; x_wconf 89' lang='lat' dir='ltr'><strong>genera</strong></span> 
     </span>
     <span class='ocr_line' id='line_1_26' title="bbox 262 3210 1394 3298; baseline 0.001 -24"><span class='ocrx_word' id='word_1_191' title='bbox 262 3210 417 3295; x_wconf 84' lang='lat' dir='ltr'><strong>digeram</strong></span> <span class='ocrx_word' id='word_1_192' title='bbox 450 3212 556 3298; x_wconf 88' lang='lat' dir='ltr'><strong>(quod</strong></span> <span class='ocrx_word' id='word_1_193' title='bbox 590 3212 751 3277; x_wconf 87' lang='lat' dir='ltr'><strong>fecerunt</strong></span> <span class='ocrx_word' id='word_1_194' title='bbox 785 3212 926 3297; x_wconf 84' lang='lat' dir='ltr'><strong>quidam</strong></span> <span class='ocrx_word' id='word_1_195' title='bbox 957 3212 1026 3277; x_wconf 86' lang='lat' dir='ltr'><strong>viri</strong></span> <span class='ocrx_word' id='word_1_196' title='bbox 1053 3211 1147 3276; x_wconf 91' lang='lat' dir='ltr'><strong>docti</strong></span> <span class='ocrx_word' id='word_1_197' title='bbox 1159 3212 1184 3297; x_wconf 85' lang='lat'><strong>²)</strong></span> <span class='ocrx_word' id='word_1_198' title='bbox 1208 3217 1312 3298; x_wconf 88' lang='lat' dir='ltr'><strong>prout</strong></span> <span class='ocrx_word' id='word_1_199' title='bbox 1333 3217 1394 3275; x_wconf 88' lang='lat' dir='ltr'><strong>aut</strong></span> 
     </span>
     <span class='ocr_line' id='line_1_27' title="bbox 261 3312 1391 3401; baseline 0.002 -25"><span class='ocrx_word' id='word_1_200' title='bbox 261 3312 465 3398; x_wconf 86' lang='lat' dir='ltr'><strong>designetur</strong></span> <span class='ocrx_word' id='word_1_201' title='bbox 487 3314 618 3401; x_wconf 91' lang='lat' dir='ltr'><strong>ipsum</strong></span> <span class='ocrx_word' id='word_1_202' title='bbox 641 3315 838 3400; x_wconf 90' lang='lat' dir='ltr'><strong>temporis</strong></span> <span class='ocrx_word' id='word_1_203' title='bbox 863 3315 1040 3398; x_wconf 87' lang='lat' dir='ltr'><strong>initium,</strong></span> <span class='ocrx_word' id='word_1_204' title='bbox 1065 3336 1085 3378; x_wconf 88' lang='lat' dir='ltr'><strong>a</strong></span> <span class='ocrx_word' id='word_1_205' title='bbox 1109 3335 1177 3398; x_wconf 89' lang='lat' dir='ltr'><strong>quo</strong></span> <span class='ocrx_word' id='word_1_206' title='bbox 1205 3315 1290 3400; x_wconf 89' lang='lat' dir='ltr'><strong>quid</strong></span> <span class='ocrx_word' id='word_1_207' title='bbox 1317 3335 1391 3378; x_wconf 85' lang='lat' dir='ltr'><strong>esse</strong></span> 
     </span>
     <span class='ocr_line' id='line_1_28' title="bbox 263 3415 1393 3503; baseline 0.001 -24"><span class='ocrx_word' id='word_1_208' title='bbox 263 3422 323 3480; x_wconf 89' lang='lat' dir='ltr'><strong>aut</strong></span> <span class='ocrx_word' id='word_1_209' title='bbox 355 3415 431 3480; x_wconf 91' lang='lat' dir='ltr'><strong>fieri</strong></span> <span class='ocrx_word' id='word_1_210' title='bbox 458 3415 615 3502; x_wconf 85' lang='lat' dir='ltr'><strong>incipiat,</strong></span> <span class='ocrx_word' id='word_1_211' title='bbox 638 3425 698 3482; x_wconf 91' lang='lat' dir='ltr'><strong>aut</strong></span> <span class='ocrx_word' id='word_1_212' title='bbox 721 3424 853 3481; x_wconf 90' lang='lat' dir='ltr'><strong>totum</strong></span> <span class='ocrx_word' id='word_1_213' title='bbox 877 3416 1055 3502; x_wconf 90' lang='lat' dir='ltr'><strong>spatium</strong></span> <span class='ocrx_word' id='word_1_214' title='bbox 1076 3437 1147 3480; x_wconf 90' lang='lat' dir='ltr'><strong>una</strong></span> <span class='ocrx_word' id='word_1_215' title='bbox 1171 3418 1393 3503; x_wconf 88' lang='lat' dir='ltr'><strong>comprehen-</strong></span> 
     </span>
     <span class='ocr_line' id='line_1_29' title="bbox 261 3518 1393 3605; baseline 0.001 -21"><span class='ocrx_word' id='word_1_216' title='bbox 261 3519 359 3584; x_wconf 88' lang='lat' dir='ltr'><strong>sione</strong></span> <span class='ocrx_word' id='word_1_217' title='bbox 393 3518 692 3605; x_wconf 89' lang='lat' dir='ltr'><strong>complectaris.</strong></span> <span class='ocrx_word' id='word_1_218' title='bbox 738 3519 947 3604; x_wconf 85' lang='lat' dir='ltr'><strong>Negaverim</strong></span> <span class='ocrx_word' id='word_1_219' title='bbox 981 3518 1073 3583; x_wconf 91' lang='lat' dir='ltr'><strong>enim</strong></span> <span class='ocrx_word' id='word_1_220' title='bbox 1107 3519 1197 3584; x_wconf 89' lang='lat' dir='ltr'><strong>hanc</strong></span> <span class='ocrx_word' id='word_1_221' title='bbox 1220 3519 1393 3605; x_wconf 85' lang='lat' dir='ltr'><strong>significa-</strong></span> 
     </span>
     <span class='ocr_line' id='line_1_30' title="bbox 260 3621 1393 3710; baseline 0 -24"><span class='ocrx_word' id='word_1_222' title='bbox 260 3621 391 3686; x_wconf 90' lang='lat' dir='ltr'><strong>tionem</strong></span> <span class='ocrx_word' id='word_1_223' title='bbox 425 3631 582 3706; x_wconf 70' lang='lat' dir='ltr'><strong>usquam³</strong></span> <span class='ocrx_word' id='word_1_224' title='bbox 604 3622 747 3687; x_wconf 91' lang='lat' dir='ltr'><strong>notione</strong></span> <span class='ocrx_word' id='word_1_225' title='bbox 769 3622 808 3689; x_wconf 85' lang='lat' dir='ltr'><strong>ub</strong></span> <span class='ocrx_word' id='word_1_226' title='bbox 830 3621 1101 3710; x_wconf 83' lang='lat' dir='ltr'><strong>praepositionis</strong></span> <span class='ocrx_word' id='word_1_227' title='bbox 1125 3621 1307 3700; x_wconf 90' lang='lat' dir='ltr'><strong>contineri,</strong></span> <span class='ocrx_word' id='word_1_228' title='bbox 1332 3621 1393 3686; x_wconf 88' lang='lat' dir='ltr'><strong>sed</strong></span> 
     </span>
     <span class='ocr_line' id='line_1_31' title="bbox 261 3723 1393 3809; baseline 0.004 -22"><span class='ocrx_word' id='word_1_229' title='bbox 261 3723 553 3809; x_wconf 84' lang='lat' dir='ltr'><strong>significationem</strong></span> <span class='ocrx_word' id='word_1_230' title='bbox 576 3725 870 3790; x_wconf 88' lang='lat' dir='ltr'><strong>continuitatis</strong></span> <span class='ocrx_word' id='word_1_231' title='bbox 894 3747 941 3789; x_wconf 82' lang='lat' dir='ltr'><strong>ex</strong></span> <span class='ocrx_word' id='word_1_232' title='bbox 965 3724 1091 3790; x_wconf 89' lang='lat' dir='ltr'><strong>verbo</strong></span> <span class='ocrx_word' id='word_1_233' title='bbox 1115 3725 1253 3790; x_wconf 89' lang='lat' dir='ltr'><strong>demum</strong></span> <span class='ocrx_word' id='word_1_234' title='bbox 1269 3732 1393 3791; x_wconf 86' lang='lat' dir='ltr'><strong>autex</strong></span> 
     </span>
     <span class='ocr_line' id='line_1_32' title="bbox 260 3827 1124 3894; baseline 0.005 -4"><span class='ocrx_word' id='word_1_235' title='bbox 260 3832 351 3891; x_wconf 90' lang='lat' dir='ltr'><strong>toto</strong></span> <span class='ocrx_word' id='word_1_236' title='bbox 375 3848 498 3891; x_wconf 88' lang='lat' dir='ltr'><strong>sensu</strong></span> <span class='ocrx_word' id='word_1_237' title='bbox 522 3827 774 3892; x_wconf 87' lang='lat' dir='ltr'><strong>enuntiationis</strong></span> <span class='ocrx_word' id='word_1_238' title='bbox 797 3827 943 3894; x_wconf 86' lang='lat' dir='ltr'><strong>evadere</strong></span> <span class='ocrx_word' id='word_1_239' title='bbox 968 3827 1124 3894; x_wconf 86' lang='lat' dir='ltr'><strong>dixerim.</strong></span> 
     </span>
    </p>

    <p class='ocr_par' dir='ltr' id='par_1_9' title="bbox 261 3929 1391 4119">
     <span class='ocr_line' id='line_1_33' title="bbox 362 3929 1391 4017; baseline 0.003 -25"><span class='ocrx_word' id='word_1_240' title='bbox 362 3929 390 4013; x_wconf 86' lang='grc' dir='ltr'><strong>Ι,</strong></span> <span class='ocrx_word' id='word_1_241' title='bbox 414 3931 491 3996; x_wconf 83' lang='lat'>554:</span> <span class='ocrx_word' id='word_1_242' title='bbox 515 3929 568 3993; x_wconf 92' lang='lat' dir='ltr'><strong>nil</strong></span> <span class='ocrx_word' id='word_1_243' title='bbox 591 3951 633 3994; x_wconf 88' lang='lat' dir='ltr'><strong>ex</strong></span> <span class='ocrx_word' id='word_1_244' title='bbox 655 3930 726 3994; x_wconf 89' lang='lat' dir='ltr'><strong>illis</strong></span> <span class='ocrx_word' id='word_1_245' title='bbox 750 3951 770 3996; x_wconf 81' lang='lat' dir='ltr'><strong>a</strong></span> <span class='ocrx_word' id='word_1_246' title='bbox 793 3935 876 3996; x_wconf 84' lang='lat' dir='ltr'><strong>certo</strong></span> <span class='ocrx_word' id='word_1_247' title='bbox 901 3935 1036 4014; x_wconf 82' lang='lat' dir='ltr'><strong>tempore</strong></span> <span class='ocrx_word' id='word_1_248' title='bbox 1051 3937 1169 4017; x_wconf 90' lang='lat' dir='ltr'><strong>posset</strong></span> <span class='ocrx_word' id='word_1_249' title='bbox 1186 3937 1391 4017; x_wconf 87' lang='lat' dir='ltr'><strong>conceptum</strong></span> 
     </span>
     <span class='ocr_line' id='line_1_34' title="bbox 261 4032 867 4119; baseline 0.007 -25"><span class='ocrx_word' id='word_1_250' title='bbox 261 4052 395 4095; x_wconf 89' lang='lat' dir='ltr'><strong>summa</strong></span> <span class='ocrx_word' id='word_1_251' title='bbox 417 4032 542 4097; x_wconf 86' lang='lat' dir='ltr'><strong>aetatis</strong></span> <span class='ocrx_word' id='word_1_252' title='bbox 565 4032 754 4119; x_wconf 84' lang='lat' dir='ltr'><strong>pervadere</strong></span> <span class='ocrx_word' id='word_1_253' title='bbox 777 4033 867 4098; x_wconf 82' lang='lat' dir='ltr'><strong>finis</strong></span> 
     </span>
    </p>
   </div>
   <div class='ocr_carea' id='block_1_6' title="bbox 262 4201 1388 4436">
    <p class='ocr_par' dir='ltr' id='par_1_10' title="bbox 262 4201 1388 4436">
     <span class='ocr_line' id='line_1_35' title="bbox 365 4201 831 4274; baseline 0.004 -20"><span class='ocrx_word' id='word_1_254' title='bbox 365 4203 386 4269; x_wconf 88' lang='lat'><strong>¹)</strong></span> <span class='ocrx_word' id='word_1_255' title='bbox 405 4201 470 4255; x_wconf 86' lang='lat' dir='ltr'><strong>vid.</strong></span> <span class='ocrx_word' id='word_1_256' title='bbox 489 4219 536 4274; x_wconf 90' lang='lat' dir='ltr'><strong>pp.</strong></span> <span class='ocrx_word' id='word_1_257' title='bbox 555 4203 588 4255; x_wconf 81' lang='lat'><strong>17</strong></span> <span class='ocrx_word' id='word_1_258' title='bbox 608 4220 649 4273; x_wconf 86' lang='lat' dir='ltr'><strong>sq.</strong></span> <span class='ocrx_word' id='word_1_259' title='bbox 671 4208 699 4256; x_wconf 93' lang='lat' dir='ltr'><strong>et</strong></span> <span class='ocrx_word' id='word_1_260' title='bbox 717 4205 750 4256; x_wconf 91' lang='grc'><strong>22</strong></span> <span class='ocrx_word' id='word_1_261' title='bbox 769 4221 831 4272; x_wconf 88' lang='lat' dir='ltr'><strong>sqq.</strong></span> 
     </span>
     <span class='ocr_line' id='line_1_36' title="bbox 364 4284 1388 4359; baseline 0.003 -21"><span class='ocrx_word' id='word_1_262' title='bbox 364 4287 386 4356; x_wconf 76' lang='lat'><strong>²)</strong></span> <span class='ocrx_word' id='word_1_263' title='bbox 405 4284 464 4339; x_wconf 79' lang='lat' dir='ltr'><strong>cfr.</strong></span> <span class='ocrx_word' id='word_1_264' title='bbox 483 4287 690 4357; x_wconf 82' lang='lat' dir='ltr'><strong>Hund‚Turs.</strong></span> <span class='ocrx_word' id='word_1_265' title='bbox 701 4288 723 4356; x_wconf 87' lang='grc' dir='ltr'><strong>Ι,</strong></span> <span class='ocrx_word' id='word_1_266' title='bbox 743 4306 769 4358; x_wconf 90' lang='lat' dir='ltr'><strong>p.</strong></span> <span class='ocrx_word' id='word_1_267' title='bbox 788 4290 821 4340; x_wconf 88' lang='grc'><strong>20</strong></span> <span class='ocrx_word' id='word_1_268' title='bbox 839 4294 867 4342; x_wconf 89' lang='lat' dir='ltr'><strong>et</strong></span> <span class='ocrx_word' id='word_1_269' title='bbox 886 4290 916 4340; x_wconf 88' lang='grc'><strong>21</strong></span> <span class='ocrx_word' id='word_1_270' title='bbox 937 4294 966 4342; x_wconf 90' lang='lat' dir='ltr'><strong>et</strong></span> <span class='ocrx_word' id='word_1_271' title='bbox 984 4288 1175 4357; x_wconf 89' lang='lat' dir='ltr'><strong>Roessuer‚</strong></span> <span class='ocrx_word' id='word_1_272' title='bbox 1186 4305 1213 4359; x_wconf 92' lang='lat' dir='ltr'><strong>p.</strong></span> <span class='ocrx_word' id='word_1_273' title='bbox 1232 4290 1264 4341; x_wconf 81' lang='grc'><strong>17</strong></span> <span class='ocrx_word' id='word_1_274' title='bbox 1280 4294 1294 4353; x_wconf 67' lang='grc' dir='ltr'>ξ</span> <span class='ocrx_word' id='word_1_275' title='bbox 1309 4288 1348 4357; x_wconf 83' lang='grc'><strong>12,</strong></span> <span class='ocrx_word' id='word_1_276' title='bbox 1362 4305 1388 4357; x_wconf 92' lang='lat' dir='ltr'><strong>p.</strong></span> 
     </span>
     <span class='ocr_line' id='line_1_37' title="bbox 262 4372 794 4436; baseline 0 -12"><span class='ocrx_word' id='word_1_277' title='bbox 262 4372 295 4424; x_wconf 87' lang='lat'><strong>18</strong></span> <span class='ocrx_word' id='word_1_278' title='bbox 314 4375 327 4436; x_wconf 83' lang='lat'>§</span> <span class='ocrx_word' id='word_1_279' title='bbox 349 4373 389 4424; x_wconf 84' lang='lat'><strong>13.</strong></span> <span class='ocrx_word' id='word_1_280' title='bbox 792 4396 794 4400; x_wconf 96' lang='lat'>·</span> 
     </span>
    </p>
   </div>
   <div class='ocr_carea' id='block_1_7' title="bbox 0 0 1598 4944">
    <p class='ocr_par' dir='ltr' id='par_1_11' title="bbox 0 0 1598 4944">
     <span class='ocr_line' id='line_1_38' title="bbox 0 0 1598 4944; baseline 0 0"><span class='ocrx_word' id='word_1_281' title='bbox 0 0 1598 4944; x_wconf 95' lang='lat' dir='ltr'><strong> </strong></span> 
     </span>
    </p>
   </div>
  </div>
 </body>
</html>
