3188 4944
1243 349 1285 413 43

195 535 387 621 probabilis
410 536 560 618 videtur,
583 534 676 620 quod
696 535 878 600 tlitteram
894 535 1064 634 excidisse
1081 557 1186 621 quam
1202 535 1326 620 lippum

195 660 237 702 ex
260 637 358 724 liquis
379 638 554 705 exstitisse
576 637 803 703 verisimilius
826 637 913 704 mihi
935 638 1085 703 videtur.

419 878 482 959 1v.
534 877 644 972 ‚‚Ex“
671 877 723 959 de
750 897 885 959 causa
911 835 1027 978 posit
1100 937 1109 958 .

296 1081 476 1147 Localis
509 1081 563 1146 vis
597 1081 783 1167 premitur:
818 1080 863 1156 ΙΙ,
896 1082 958 1147 873
996 1103 1034 1146 en
1069 1080 1227 1146 imbribus
1263 1101 1324 1165 pu·

199 1191 309 1250 torem
342 1191 446 1250 nacta
479 1191 533 1249 est
565 1183 679 1252 tellus.
713 1183 778 1261 ΙΙΙ,
805 1186 867 1253 441
894 1206 996 1269 quam
1019 1183 1180 1249 cohibere
1205 1182 1327 1267 nequit

195 1293 464 1373 conquassatum
486 1309 525 1352 err
547 1286 661 1372 aliqrio
685 1307 729 1352 re.
753 1286 794 1369 V,
817 1290 881 1354 929
904 1308 969 1350 neo
985 1286 1089 1351 facile
1104 1308 1142 1352 en
1157 1290 1328 1352 aerternae

195 1391 326 1476 frigore
357 1389 450 1475 quod
473 1394 666 1476 caperetur.
709 1389 788 1454 Huc
811 1387 1033 1453 referendum
1056 1394 1110 1454 est
1131 1387 1327 1474 exemplum

195 1493 394 1580 ellipseos
434 1492 680 1557 Lucretianae:
716 1492 757 1571 V,
791 1494 834 1559 20
866 1511 906 1557 ex
940 1512 1002 1578 quo
1035 1529 1076 1540 -
1109 1490 1327 1577 permulcent

194 1596 328 1661 animos
351 1595 476 1660 solatia
501 1595 602 1660 vitae.
1347 1589 1349 1596 ’

297 1698 454 1763 Oeusalis
486 1695 541 1763 vis
564 1698 634 1762 iam
655 1695 817 1783 plenior
840 1703 908 1761 est:
931 1695 977 1780 II,
1001 1697 1064 1762 438
1089 1702 1192 1781 atque
1216 1716 1255 1761 er
1277 1696 1327 1779 ot-

194 1803 289 1886 fensu
313 1823 389 1867 cum
412 1800 557 1866 turbant
578 1820 721 1886 corpore
737 1800 775 1864 in
790 1801 867 1886 ipso
884 1800 1025 1877 semina,
1042 1798 1263 1864 confundunt
1277 1798 1328 1862 in·

193 1917 247 1970 ter
280 1927 315 1970 se
350 1904 486 1969 concita
516 1925 665 1968 sensum.
718 1902 777 1985 VI,
812 1904 877 1970 280
911 1924 990 1967 nam
1025 1901 1159 1988 duplici
1192 1901 1327 1966 ratione

194 2006 406 2086 accenditur,
432 2007 508 2091 ipse
531 2028 594 2070 sua
617 2027 695 2070 cum
716 2004 893 2071 mobilitate
916 2004 1068 2081 calescit,
1091 2012 1126 2068 et
1147 2025 1162 2068 e
1185 2004 1327 2089 contupi-

194 2109 252 2200 ius
275 2109 376 2195 ignis,
401 2108 492 2195 quod
516 2106 711 2193 exemplum
732 2108 777 2172 iis
800 2107 973 2173 adiciatur
995 2106 1173 2190 exempliS,
1199 2107 1327 2192 quibus

194 2234 297 2299 supra
330 2211 484 2276 studium
517 2209 674 2274 Lucretii
707 2210 960 2275 elocutionis
990 2208 1216 2274 variandae
1246 2208 1328 2273 illu·

194 2323 303 2379 strare
326 2320 471 2380 conatus
494 2335 578 2376 sum.
623 2312 689 2380 His
713 2312 873 2377 omnibus
895 2312 982 2377 locis
1004 2333 1042 2377 en
1064 2312 1102 2376 in
1122 2311 1326 2377 exteriore

195 2438 298 2483 causa
319 2415 508 2481 indicanda
530 2414 682 2502 positum
706 2421 768 2481 est.
793 2454 834 2464 -
857 2415 1100 2483 Interiorem
1116 2435 1254 2479 causam
1270 2435 1327 2478 ex-

195 2520 365 2603 primunt:
391 2519 433 2597 V,
460 2521 542 2585 1146
564 2540 644 2583 nam
667 2540 778 2603 genus
802 2518 992 2583 humanum
1016 2517 1189 2583 defessum
1211 2517 1249 2581 vi
1272 2537 1326 2582 co·

196 2619 267 2683 lere
301 2640 430 2703 aevom,
465 2641 504 2685 ex
521 2620 722 2687 ‘inimicitiis
753 2621 953 2706 languebat.
987 2620 1052 2704 III,
1087 2624 1146 2687 157
1176 2619 1325 2704 denique

197 2720 378 2786 concidere
410 2742 449 2787 ex
482 2723 587 2788 animi
621 2728 742 2789 terrore
764 2725 922 2789 videmus
946 2745 1049 2810 saepe
1072 2723 1241 2788 homines
1265 2720 1326 2798 VI,

197 2827 238 2890 72
271 2845 342 2889 nou
376 2846 443 2909 quc
476 2825 603 2889 violari
634 2848 768 2892 summa
801 2827 904 2892 deum
927 2827 981 2890 vis
1004 2826 1122 2912 possit,
1147 2833 1187 2889 ut
1211 2846 1249 2890 aa
1270 2824 1326 2890 iro

192 2947 322 3012 poenas
355 2933 473 3013 petere
507 2928 646 2994 inbibat
678 2929 776 2995 acris.
811 2929 872 2993 cfr
894 2928 936 3009 V,
973 2931 1065 3010 11483
1087 2928 1128 3006 V,
1153 2929 1217 2995 860
1238 2927 1326 2992 mul-

193 3036 297 3113 taque
338 3036 428 3111 sunt,
466 3030 568 3096 nobis
605 3052 644 3096 ea
680 3031 824 3098 utilitate
861 3053 923 3097 sua
960 3053 1049 3117 quae
1086 3030 1326 3096 commendata

193 3139 344 3198 manent.

296 3234 345 3300 Ut
378 3236 519 3323 supral)
552 3235 715 3315 vidimus,
749 3238 905 3303 duobus
929 3243 1066 3302 tantum
1088 3237 1174 3302 locis
1196 3236 1326 3301 Lucre-

194 3337 301 3402 tiauis
336 3358 505 3404 unacum
530 3340 638 3404 verbo
662 3361 762 3407 causo
788 3340 953 3406 usitatius
978 3340 1016 3405 da
1042 3339 1324 3426 deprehenditur.

193 3440 305 3505 Paulo
327 3439 466 3526 saepius
488 3461 504 3504 e
527 3443 694 3508 occurrit:
719 3443 758 3525 V,
777 3447 838 3510 752
850 3442 1004 3526 pluribus
1019 3464 1035 3508 e
1050 3443 1166 3508 carens.
1182 3441 1223 3526 V,
1245 3444 1325 3508 1252

195 3541 367 3627 quidquid
399 3542 437 3607 id
470 3549 534 3620 est,
567 3567 635 3628 qua
667 3568 814 3631 cumque
847 3567 863 3612 e
896 3566 995 3612 causa
1024 3545 1200 3611 flammeus
1224 3543 1326 3609 ardor

194 3644 355 3710 horribili
378 3645 496 3709 sonitu
520 3646 628 3712 silvas
651 3649 823 3714 exederat.
847 3647 911 3724 III,
934 3651 998 3716 593
1022 3669 1123 3734 saepe
1146 3647 1260 3730 aliquo
1275 3656 1325 3710 ta-

193 3769 273 3812 men
294 3768 311 3813 e
333 3768 429 3814 causa
454 3747 628 3814 labefacta
648 3749 790 3815 videtur
812 3751 861 3816 ire
883 3751 1007 3817 anima.
1030 3750 1090 3834 VI,
1116 3748 1325 3816 laterinis·

194 3852 341 3938 carroff).
363 3850 428 3935 III,
454 3853 537 3919 1055
558 3872 574 3917 e
596 3851 712 3934 quidus
734 3852 771 3917 id
792 3852 855 3917 fiat
877 3855 991 3920 causis.

296 4091 569 4162 1wnnan

295 4177 316 4244 ²)
334 4174 381 4229 Sic
398 4176 542 4248 oblongus
561 4188 589 4233 et
607 4179 686 4234 Brix.
704 4180 749 4234 ed.
768 4178 943 4244 Quadratus,
961 4179 1117 4247 Antonius,
1132 4176 1319 4234 Veronensis:

194 4265 220 4315 et
236 4260 330 4316 simili.
