3188 4944
1260 355 1297 418 17

313 541 378 619 ΙΠ,
411 543 471 609 331
507 539 658 627 inplexis
692 539 743 606 ite
774 539 959 626 principiis
993 539 1033 606 ob
1065 539 1190 625 oripine
1218 540 1341 623 primo.

203 644 529 726 (mustuole.

314 748 341 826 Ι,
375 749 437 814 769
466 745 610 812 alternis
632 745 827 831 gignuntur
849 745 942 810 enim
965 750 1170 830 mutantque
1193 743 1342 810 colorem

203 855 247 914 et
269 854 379 914 totam
400 849 492 914 inter
515 870 550 913 se
572 853 735 913 naturam
759 852 895 932 tempore
917 848 959 914 ob
980 850 1075 914 omui.

315 952 422 1030 „Fert
450 950 556 1016 etiam
578 971 691 1015 sermo
713 949 860 1016 maxime
882 949 1079 1016 cotidianus
1102 948 1160 1014 iel
1181 949 1342 1032 rusticus,

210 1060 251 1120 ut
273 1054 440 1141 temporis
462 1053 604 1119 initium
626 1053 753 1118 rebus
776 1052 1025 1139 apparentibus
1048 1051 1107 1117 vel
1128 1052 1215 1117 aetis
1239 1051 1343 1116 deno·

202 1157 432 1240 minetur“¹):
475 1157 536 1240 IV,
570 1158 633 1224 538
657 1177 801 1222 aurorae
824 1155 1014 1242 perductus
1037 1155 1077 1222 ab
1099 1155 1262 1222 exoriente
1290 1156 1344 1220 ni-

203 1265 277 1325 tore
299 1259 446 1347 (sermo).
470 1295 511 1308 ·-
533 1259 574 1344 V,
599 1261 660 1326 977
685 1279 707 1324 o
724 1259 847 1341 porois.
971 1271 974 1278 ’

298 1499 359 1580 llI.
412 1499 523 1595 „Ar‘
549 1499 593 1579 in
621 1498 787 1600 origine
814 1497 1047 1579 lndleanda
1072 1498 1259 1598 positum

207 1725 282 1769 non
304 1705 451 1770 multum
475 1703 593 1770 differt
615 1703 659 1768 ab
687 1703 728 1772 ub
750 1706 790 1768 de
814 1704 891 1769 loeo
914 1705 1077 1790 positum.
1101 1741 1142 1752 -
1165 1702 1244 1770 Una
1267 1723 1345 1767 eum

213 1807 322 1873 verbis
344 1809 489 1886 creandi,
512 1807 660 1872 oriendi:
683 1806 743 1891 IV,
767 1807 830 1874 478
854 1806 1013 1871 invenies
1036 1805 1156 1894 primis
1181 1805 1220 1871 ab
1243 1805 1345 1871 seusi-

204 1911 270 1977 bas
292 1932 355 1977 esse
378 1915 521 1976 creatam
543 1901 704 1974 notitiem
735 1909 820 1974 veri.
851 1908 910 1992 IV,
938 1910 1002 1975 483
1028 1931 1078 1995 sq.
1110 1931 1154 1974 an
1183 1908 1222 1975 ab
1248 1928 1345 1974 sensu

205 2013 297 2096 salso
311 2013 401 2078 ratio
425 2017 498 2078 orto
521 2010 654 2076 valebit
677 2011 791 2077 dicere
815 2032 873 2077 eos
890 2018 1020 2091 eontra,
1038 2033 1125 2097 quae
1141 2017 1216 2077 tota
1231 2011 1271 2078 ab
1286 2030 1343 2077 sen

208 2115 303 2182 sitio
325 2119 396 2182 orio
419 2114 491 2180 est?
515 2114 576 2180 cfr
596 2114 657 2199 IV,
681 2117 757 2182 521.
782 2153 823 2163 -

265 2285 269 2295 .
318 2217 517 2301 Sequuntur
547 2231 619 2282 tres
651 2217 729 2299 loci,
765 2217 894 2303 quibus
921 2239 1010 2302 quae
1033 2217 1076 2282 de
1099 2238 1165 2281 usu
1188 2215 1346 2282 Lucretii

215 2318 409 2405 elliptioe
431 2318 594 2404 loquendi
616 2320 724 2388 verbe
746 2319 854 2406 feei2)
876 2319 1109 2384 illustrantur.
1146 2319 1235 2384 Nam
1252 2318 1345 2402 quod

206 2421 400 2487 ¹Lueretius
436 2419 524 2487 dixit
556 2423 583 2501 I,
618 2415 681 2490 935
708 2421 746 2488 id
779 2413 917 2508 quoque
939 2443 1012 2487 non
1034 2419 1194 2488 utnulla
1216 2420 1346 2488 ratione

214 2523 362 2602 videtur,
385 2524 441 2590 eui
464 2524 540 2591 loeo
564 2525 756 2612 consimilis
779 2531 833 2590 est
854 2525 915 2604 IV,
948 2528 997 2608 10,
1028 2524 1065 2590 id
1096 2525 1236 2611 quidem
1264 2545 1342 2589 oum

218 2626 428 2714 floltzio³)
459 2629 510 2693 ita
539 2625 685 2714 accipio,
713 2634 755 2694 ut
785 2629 932 2694 verbum
962 2628 1146 2712 profectum
1169 2626 1227 2692 vel
1249 2626 1344 2692 aliud

210 2726 308 2793 idem
330 2729 450 2794 valens
479 2730 692 2815 cogitatione
708 2729 907 2796 addendum
930 2751 1004 2795 esse
1022 2737 1141 2816 putem
1157 2731 1194 2813 4).
1229 2727 1346 2794 Simili

215 2829 419 2896 condicione
431 2853 506 2896 esse
516 2831 713 2918 putaverim
728 2834 766 2914 V,
783 2833 847 2900 604
862 2837 916 2897 est
932 2832 1039 2898 etiam
1053 2853 1190 2917 quoque
1207 2831 1260 2896 uti
1276 2850 1346 2896 nou

210 2952 332 3018 mopuo
353 2935 430 3000 solie
452 2933 492 3000 ot
514 2935 587 3020 iyno'
612 2945 693 3001 aera
718 2935 892 3021 pereipiat
916 2933 1040 3000 calidis
1068 2933 1264 2999 fervoribus
1292 2954 1345 3000 oo·-

208 3035 285 3101 dor.
352 3036 448 3115 Quae
481 3059 558 3106 mea
589 3037 765 3103 sententia
786 3036 830 3102 iis
855 3036 1080 3103 confirmatur
1113 3035 1231 3102 verbis
1256 3057 1345 3122 quae

220 3139 258 3203 in
298 3139 364 3204 hae
404 3139 525 3205 eadem
558 3141 801 3206 enuntiatione
837 3146 920 3206 sunt
950 3139 1026 3226 (608
1061 3141 1125 3228 sq):
1160 3139 1254 3226 quod
1287 3162 1346 3226 ge·

193 3239 284 3306 snus
314 3242 407 3306 inter
440 3241 522 3308 dum
554 3249 691 3330 segetes
723 3243 959 3330 stipulamque
992 3242 1152 3309 videmus
1186 3241 1345 3309 accidere

210 3363 265 3407 ex
296 3365 375 3409 una
404 3345 601 3412 scintilla
623 3345 827 3411 incendia
849 3346 990 3434 passim,
1014 3345 1142 3432 quibus
1164 3368 1207 3411 ex
1229 3345 1346 3410 verbis

217 3445 338 3512 videre
366 3446 452 3512 lieet
480 3469 518 3513 eo
552 3448 847 3536 praepositionem
881 3446 1001 3513 eedem
1034 3449 1170 3514 ratione
1193 3448 1347 3534 elliptioe

210 3549 288 3626 <eir
323 3567 393 3616 reon
430 3571 549 3636 maone
589 3550 667 3617 eolis
707 3551 746 3618 ab
783 3551 855 3633 iqui
897 3589 937 3599 —
980 3551 1081 3618 ardor
1118 3557 1153 3616 et
1191 3572 1230 3616 eo
1274 3570 1347 3616 uuo

319 3793 340 3860 ¹)
358 3789 408 3844 cfr
426 3789 624 3859 Roessner,
643 3806 671 3860 p.
685 3791 725 3860 18,
738 3793 773 3858 o).

267 3941 269 3946 .
319 3894 343 3960 ²)
361 3892 421 3947 vid.
440 3893 476 3946 ad
494 3910 522 3964 p.
540 3894 583 3947 16.

318 3997 339 4063 ⁸)
373 3995 455 4066 Synt.
473 3996 560 4051 Luer.
579 3997 630 4051 lin.
648 4014 675 4068 p.
694 3999 736 4065 53,
754 3997 829 4050 med.
848 3997 869 4050 f.
887 4013 952 4068 pag.

318 4100 341 4170 ⁴)
376 4098 484 4154 Contra
503 4100 613 4168 Hand,
631 4102 716 4155 Ture.
737 4101 757 4166 l,
774 4117 801 4171 p.
819 4102 853 4153 35
871 4105 900 4153 et
918 4098 1097 4163 Staedler‚
1112 4097 1148 4152 de
1161 4114 1247 4152 serm.
1260 4098 1345 4153 Luer.

214 4201 242 4255 p.
270 4185 304 4237 47
331 4185 393 4239 sine
419 4185 497 4239 iusta
519 4203 607 4240 consa
632 4186 665 4241 ab
693 4184 894 4240 trituratione
912 4185 1063 4238 notionem
1082 4184 1212 4254 genetivi
1230 4183 1346 4252 (nonius

204 4269 346 4339 rotome)
366 4270 531 4341 exprimere
549 4279 661 4342 putant.

1229 4389 1244 4440 2
